2004 3037
36 1902 128 1934 ‘Contes-

33 1944 65 1964 sio
80 1945 119 1965 iri-

34 1976 90 2002 ple).

681 189 732 222 DE
752 187 1027 223 POENITENTiA.
1050 190 1138 223 CAP.
1162 192 1216 225 lv.

146 260 175 288 et
186 258 218 287 in
232 266 337 288 mensa
349 259 434 295 regia
453 259 528 296 poni
551 258 662 288 debent
683 264 777 295 panes
796 257 923 294 integri,

145 313 208 335 non
221 305 398 342 fragmenta.
414 307 488 335 Deus
502 305 582 334 enim
593 313 656 334 non
667 304 823 333 consuevit
837 304 924 333 dimi-

146 352 228 381 diare
243 353 371 382 veniam.
387 353 456 382 Ideo
470 354 566 381 totum
579 351 734 380 hominem
747 359 854 380 sanum
878 351 923 380 fa-

145 400 184 428 eit
198 399 228 428 in
242 399 388 435 sabbato,
402 402 435 428 ut
455 399 563 428 dicitur
578 399 609 428 iu
628 400 731 427 Ioanne
752 399 772 427 ¹.
793 401 826 428 Et
849 399 924 428 sicut

145 446 246 482 magni
267 448 446 475 mercatores
467 446 499 474 in
516 454 639 482 grosso,
660 454 723 475 non
748 446 922 482 obolatam,

146 501 207 522 non
221 493 404 522 denariatam
417 493 565 528 vendunt,
582 493 658 521 sicut
679 501 825 530 pauperes
845 501 922 521 mer-

146 543 278 576 catores;
293 548 355 577 prae
367 540 488 575 caeteris,
500 540 571 577 quia
583 542 751 568 mercatura
765 539 827 574 Dei,
843 539 923 568 scili-

146 590 190 617 cet
201 587 296 624 gratia
307 589 335 615 et
344 586 441 622 venia,
453 589 496 615 est
509 595 557 616 res
566 586 768 622 indivisibilis,
781 587 924 623 cumipse

145 635 181 663 sit
195 641 328 663 summus
350 634 507 669 mercator,
522 634 576 663 ista
601 634 664 662 duo
686 636 772 662 erunt
792 634 924 662 indivisi-

145 681 229 717 bilia,
240 681 331 709 instar
344 681 526 716 margaritae,
542 681 590 709 vel
603 681 723 709 alterius
736 681 846 718 lapidis
859 689 924 717 pre-

145 728 228 762 tiosi,
254 728 307 765 qui
327 729 405 756 totus
433 727 550 762 emitur,
576 728 626 756 vel
652 729 730 756 totus
758 728 922 757 dimittitur.

144 775 208 811 lpse
231 776 330 803 autem
351 777 395 803 est
417 775 584 810 negotiator
607 775 851 811 margaritarum,
872 776 924 812 qui

145 823 249 859 quaerit
275 822 372 850 bonas
391 822 586 858 margaritas,
614 823 646 850 ut
668 822 775 850 dicitur
799 822 830 850 in
849 824 922 850 Mat-

146 871 207 898 theo
222 870 243 898 ².

181 918 284 952 Sexto,
310 916 455 945 confessio
471 916 561 944 debet
576 924 637 945 esse
654 916 763 945 flebilis
784 919 812 946 et
827 917 924 954 lacry-

146 972 248 999 mosa,
264 964 339 992 siout
358 964 433 992 Petri
454 965 483 992 et
500 963 682 1000 Magdalenae
694 986 703 999 ,
720 965 791 1000 quia
809 965 924 993 miseri-

145 1010 246 1038 cordia
262 1012 290 1039 et
302 1011 443 1047 lacrymae
458 1010 498 1038 ad
512 1011 642 1038 invicem
656 1013 724 1038 sunt
738 1011 827 1039 valde
849 1011 923 1039 ami-

145 1065 185 1085 σεε
196 1066 204 1092 3
222 1059 250 1085 et
262 1057 332 1085 ideo
347 1057 399 1085 ubi
412 1059 455 1085 est
465 1057 610 1093 lacryma,
626 1057 668 1085 ibi
682 1060 724 1085 est
738 1057 836 1085 statim
851 1058 923 1086 ami-

144 1111 179 1131 ca
192 1111 246 1131 sua
260 1103 474 1131 misericordia.
491 1105 556 1132 Haee
571 1106 614 1132 est
628 1104 707 1132 enim
719 1112 815 1140 aqua,
831 1113 924 1141 quam

143 1150 271 1178 Christus
285 1150 374 1178 valde
388 1151 447 1178 sitit
457 1160 466 1186 ;
483 1152 511 1179 et
524 1151 626 1178 nullus
639 1151 707 1178 fons
722 1153 837 1179 tantum
853 1160 922 1179 eum

143 1198 277 1233 delectat,
291 1200 438 1234 quantum
447 1201 554 1235 puteus
564 1199 779 1236 lacrymarum.
792 1201 824 1228 In
839 1200 923 1235 cujus

142 1246 238 1282 figura
253 1247 364 1283 quievit
380 1247 464 1282 juxta
476 1249 601 1283 puteum
615 1247 774 1282 Samariae,
792 1249 819 1275 et
840 1248 923 1284 petiit

143 1301 253 1330 aquam
279 1294 468 1322 Samaritanae
478 1315 488 1329 ,
512 1295 622 1322 scilicet
651 1295 854 1330 laerymarum
871 1317 879 1329 ,
905 1303 924 1323 a

142 1340 265 1368 muliere
279 1341 471 1376 Samaritana,
485 1341 518 1369 id
533 1343 585 1377 est,
599 1350 617 1370 a
632 1341 796 1378 peccatrice
812 1342 922 1377 anima,

141 1389 174 1415 ut
187 1388 313 1416 habetur
326 1388 357 1416 in
370 1390 473 1416 Joanne
487 1390 508 1416 ³.

177 1435 317 1470 Septimo,
333 1437 360 1463 et
373 1435 491 1470 ultimo,
509 1435 656 1464 confessio
672 1436 762 1464 debet
777 1444 839 1464 esse
853 1436 923 1464 obe-

142 1482 225 1509 diens
245 1484 273 1509 et
292 1484 496 1518 prompta,·ut
511 1482 620 1510 scilicet
638 1483 784 1518 poenitens
809 1483 925 1511 studeat

141 1529 288 1565 suscipere
311 1531 339 1557 et
353 1529 512 1558 observare
527 1530 689 1558 sacerdotis
704 1531 855 1558 mandata.
877 1532 924 1558 In-

140 1574 242 1601 firmus
254 1596 262 1605 ,
285 1574 336 1610 qui
362 1574 436 1602 nihil
450 1575 515 1603 vult
529 1575 626 1603 facere
641 1583 696 1611 pro
719 1575 854 1610 medico,
873 1575 924 1603 vix

141 1622 190 1648 aut
207 1628 363 1656 nunquam
379 1623 498 1649 curatur
517 1630 534 1650 a
548 1622 667 1650 morbo.
693 1622 774 1650 Unde
799 1623 922 1650 obedire

141 1667 230 1695 debet
246 1668 391 1704 poenitens
405 1690 413 1702 ,
428 1677 490 1696 non
512 1669 708 1704 contendere,
724 1669 798 1697 sieut
812 1669 923 1704 David,

141 1715 191 1750 qui
207 1715 326 1742 dicebat
338 1716 348 1732 ⁶
366 1725 372 1743 ι
393 1716 425 1743 Ue
436 1716 589 1750 jumentum
606 1718 696 1750 sactus
711 1725 769 1745 sum
783 1717 860 1753 apud
875 1720 899 1745 te
916 1728 923 1745 :

141 1762 181 1789 ad
193 1762 364 1797 jumentum
386 1771 518 1799 namque
543 1772 606 1791 non
620 1765 745 1800 pertinet
759 1765 815 1793 sibi
832 1774 923 1794 onera

143 1811 262 1844 taxare,
283 1809 331 1837 vel
347 1810 520 1846 imponere,
545 1811 597 1839 sed
618 1813 716 1840 taxata
733 1814 761 1840 et
783 1813 923 1849 imposita

143 1858 271 1891 portare.

178 1904 251 1930 Nota
276 1903 360 1938 quod
387 1904 491 1940 triplex
516 1907 558 1932 est
582 1905 738 1934 confessio.
763 1907 861 1935 Prima
881 1909 924 1936 est

145 1949 289 1976 confessio
303 1950 427 1985 peccati.
444 1952 482 1978 De
498 1959 558 1987 qua
573 1951 681 1980 dieitur
694 1953 704 1970 ⁵
721 1962 727 1980 :
746 1955 815 1981 Dz'aei
829 1963 838 1981 .·
855 1955 922 1982 Con-

144 1995 238 2029 fitebor
254 1995 393 2023 adversum
407 2005 446 2023 me
462 1998 630 2031 injustitiam
645 2007 730 2027 meam
745 2001 870 2028 Domino,
892 2003 923 2029 ln

144 2044 201 2071 hoc
226 2045 324 2071 autem
347 2044 439 2072 verbo
459 2047 621 2080 tanguntur
645 2055 713 2081 sex,
740 2055 806 2083 quae
835 2048 924 2077 debet

146 2098 215 2118 vera
230 2090 374 2118 confessio
389 2091 509 2119 habere.
531 2092 661 2120 Primum
680 2095 722 2121 est
735 2095 922 2129 praemedita-

145 2137 200 2172 tio,
224 2137 307 2173 quod
332 2140 451 2166 notatur
472 2147 541 2166 cum
561 2139 669 2167 dieitur
684 2148 690 2166 ε
707 2141 785 2168 Dia-i.
813 2142 923 2169 Secun-

146 2184 218 2211 dum
233 2186 276 2212 est
293 2185 484 2221 compunctio
509 2185 607 2214 cordis
622 2189 649 2214 et
664 2187 722 2214 oris
733 2209 742 2221 ‚
763 2189 795 2215 ut
811 2196 861 2216 ore
885 2189 923 2216 si-

145 2231 208 2259 mul
223 2234 251 2259 et
265 2231 355 2259 corde
369 2231 436 2267 fiat,
452 2233 536 2268 quod
554 2235 673 2261 notatur
688 2242 741 2270 per
764 2235 920 2270 Confitebor.

144 2277 271 2306 Tertium
287 2280 343 2311 est,
361 2279 445 2314 quod
460 2279 496 2307 sit
511 2287 670 2314 accusans,
686 2289 749 2308 non
762 2289 921 2316 excusam,-

145 2325 229 2360 quod
243 2327 361 2352 notatur
373 2333 427 2361 per
442 2327 591 2354 Adversum
605 2336 655 2355 me.
669 2329 822 2364 Quartum,
838 2329 921 2365 quod

146 2371 182 2398 de
198 2371 285 2399 malis
295 2393 303 2406 ,
320 2380 382 2399 non
398 2373 434 2400 de
448 2374 556 2409 bonis;
573 2375 657 2410 quod
671 2377 790 2403 notatur
804 2384 857 2412 per
877 2378 923 2403 Ιη-

141 2417 291 2450 justitiam.
307 2419 463 2454 Quintum,
488 2421 572 2456 quod
587 2421 622 2449 sit
639 2423 781 2458 propria,
805 2423 836 2450 id
860 2426 920 2459 est,

146 2462 183 2490 de
198 2465 325 2499 peccatis
336 2466 476 2502 propriis,
492 2475 554 2495 non
568 2467 671 2496 alienis
681 2479 689 2504 3
705 2470 789 2505 quod
802 2472 921 2499 notatur

145 2516 199 2544 per
215 2511 311 2538 Meam.
327 2512 446 2540 Sextum
456 2534 464 2547 ,
481 2514 565 2550 quod
584 2515 620 2542 sit
636 2515 675 2543 ad
689 2516 834 2545 honorem
850 2517 919 2552 Dei,

147 2557 174 2583 et
187 2556 369 2587 honestatem
391 2560 452 2595 sui;
469 2561 553 2597 quod
573 2564 692 2591 notatur
712 2571 766 2599 per
779 2565 894 2592 Domino
912 2574 918 2592 :

179 2619 277 2648 worm..
294 2627 340 2652 vu,
356 2623 394 2646 23.
409 2635 440 2640 —
454 2623 461 2637 ²
475 2624 577 2652 Mottlz.²
592 2631 649 2655 xm,
665 2627 704 2649 45.
718 2639 749 2643 —
763 2627 772 2643 ³
786 2627 868 2657 Jocm„
885 2633 918 2657 iv,

146 2655 169 2679 7.
181 2668 208 2672 —
225 2656 234 2672 ⁶
248 2657 314 2680 Psal.
331 2663 412 2688 Lxxn,
430 2660 468 2683 23.
484 2672 513 2677 -
526 2660 536 2677 5
548 2660 617 2685 Psal.
633 2667 703 2692 xxm,
719 2663 742 2686 5.
758 2675 788 2680 --
803 2664 812 2677 ⁶
827 2663 917 2694 Ecclz'„

1698 194 1756 224 267

981 259 1010 287 et
1031 258 1098 287 talis
1115 260 1262 290 confessio
1277 262 1321 289 est
1334 260 1424 289 utilis.
1450 260 1532 289 Unde
1549 260 1683 298 sequitur
1698 269 1705 288 :
1721 260 1757 287 Et

980 308 1011 334 tu
1024 309 1157 336 remisisti
1171 310 1340 344 impietatem
1352 309 1458 344 peccati
1480 309 1542 336 mei.
1564 307 1700 336 secunda
1715 309 1758 335 est

981 354 1127 382 confessio
1147 354 1262 390 laudis,
1282 354 1320 383 de
1341 362 1402 391 qua
1423 354 1454 382 in
1475 355 1664 383 Ecclesiastico
1684 354 1757 382 dici·

980 401 1027 428 tur
1039 401 1049 418 ⁶
1066 409 1072 428 :
1090 402 1236 436 Confitebor
1250 402 1302 429 tibi
1314 423 1323 434 ,
1339 402 1450 429 Domine
1461 409 1527 435 rem,
1542 404 1568 429 et
1583 401 1756 436 collaudatum

981 449 1009 475 et
1023 447 1060 476 de
1075 448 1121 476 his
1137 448 1257 477 duobus
1272 447 1344 476 dicit
1360 447 1549 476 Psalmista⁷:
1568 448 1760 483 Confitebimnr

981 495 1051 527 tibi,
1069 496 1136 523 Deus
1146 516 1153 528 ,
1169 495 1356 530 confitebimur
1371 495 1431 522 tibi.
1447 494 1542 522 Tertia
1557 497 1600 522 est
1613 494 1759 523 confessio

980 540 1073 576 fidei,
1088 541 1126 569 de
1147 549 1207 578 qua
1223 541 1293 569 dicit
1313 541 1470 578 ,aposlolus
1482 542 1493 559 ⁸
1510 551 1517 569 :
1536 542 1620 569 Corde
1639 542 1760 570 creditur

981 588 1183 623 adjustitiam,
1209 590 1264 616 etc.
1290 589 1323 616 Et
1343 590 1433 623 nota,
1459 588 1544 624 quod
1563 588 1708 617 confessio
1730 589 1761 616 in

981 642 1043 671 qua
1056 636 1124 663 sunt
1137 636 1250 672 septem
1263 635 1448 663 conditiones
1462 635 1626 671 praedictae,
1642 643 1762 671 compa-

980 683 1061 709 ratur
1074 681 1176 717 vielae,
1193 682 1224 709 in
1240 690 1301 718 qua
1316 684 1385 709 sunt
1399 682 1513 718 septem
1531 682 1660 710 chordae.
1680 682 1761 710 Unde

980 728 1057 756 viela
1073 728 1287 761 consessionis,
1314 736 1381 764 quae
1395 729 1487 757 habet
1510 729 1598 757 istam
1623 729 1763 765 septupli-

981 783 1046 803 cem
1061 776 1206 804 chordam
1217 798 1226 811 ‚
1241 776 1341 804 reddit
1355 776 1386 804 in
1408 776 1531 804 auribus
1555 776 1605 804 Dei
1625 776 1762 804 suavissi-

979 831 1062 851 mam
1083 825 1111 851 et
1133 822 1338 851 dulcissimam
1362 823 1549 851 melodiam:
1567 831 1623 851 nec
1645 824 1688 851 est
1708 823 1762 851 ali-

981 869 1065 906 quod
1079 878 1227 905 organum
1237 869 1386 898 musicum
1399 869 1484 906 quod
1495 869 1535 898 ita
1546 869 1674 898 libenter
1688 871 1763 898 Deus

980 917 1092 953 audiat,
1109 918 1184 946 sieut
1199 926 1300 946 veram
1316 918 1532 946 confessionem
1546 920 1738 954 peccatorum
1753 927 1760 946 ε

981 967 1091 1001 etideo
1107 975 1214 995 manus
1229 975 1297 1004 quae
1311 967 1352 995 sic
1368 968 1461 1003 tangit
1473 967 1584 995 vielam
1599 966 1762 995 confessio-

979 1014 1025 1042 nis
1041 1022 1143 1042 coram
1158 1016 1228 1048 Deo,
1242 1014 1340 1042 statim
1354 1016 1487 1050 reportat
1501 1014 1656 1048 salarium,
1672 1014 1704 1041 id
1719 1016 1762 1042 est

979 1062 1100 1089 veniam
1115 1062 1152 1090 de
1175 1062 1316 1090 omnibus
1340 1062 1477 1099 peccatis.
1504 1062 1585 1090 Unde
1611 1061 1718 1090 dicitur
1730 1062 1740 1078 ⁹
1755 1069 1762 1088 :

980 1109 1071 1136 Narra
1085 1111 1110 1136 si
1124 1110 1196 1144 quod
1208 1110 1287 1137 habes
1296 1131 1305 1144 ,
1319 1112 1350 1137 ut
1360 1110 1531 1144 justificeris.
1543 1111 1575 1137 Et
1586 1108 1680 1136 David
1694 1116 1764 1135 con-

979 1155 1048 1183 sulit
1062 1155 1203 1183 omnibus
1218 1156 1324 1190 nimis,
1343 1156 1374 1183 id
1389 1159 1431 1184 est
1445 1155 1654 1192 peccatoribus
1668 1154 1763 1191 poeni-

979 1202 1108 1230 tentibus
1120 1223 1130 1237 ,
1146 1202 1199 1239 qui
1214 1203 1318 1231 volunt
1331 1203 1362 1230 in
1382 1203 1496 1230 curiam
1510 1203 1588 1238 regis
1604 1201 1706 1229 aeterni
1720 1201 1763 1228 in-

982 1249 1081 1284 troire,
1096 1251 1129 1277 ut
1141 1252 1264 1284 tangant
1278 1258 1313 1277 eo
1325 1249 1418 1277 modo
1433 1249 1542 1277 violam
1557 1248 1762 1282 confessionis,

981 1298 1013 1324 ut
1028 1304 1118 1332 supra
1132 1296 1245 1324 dictum
1260 1301 1311 1324 est.
1329 1296 1400 1324 Dicit
1415 1296 1494 1324 enim
1505 1294 1686 1323 psalmista¹0
1699 1304 1705 1322 ε
1720 1296 1763 1322 lu-

980 1345 1060 1370 troite
1069 1345 1164 1378 portas
1180 1343 1236 1378 ejus
1248 1345 1278 1370 in
1293 1345 1468 1376 confessione.

1228 1437 1407 1470 CAPUT
1445 1437 1514 1471 IV.

1240 1511 1278 1537 De
1293 1510 1499 1543 Satisfactione.

1014 1579 1108 1606 Tertio
1124 1581 1195 1606 nota
1210 1578 1248 1606 de
1262 1578 1450 1614 poenitentia,
1465 1580 1610 1614 quantum
1626 1578 1665 1606 ad
1680 1578 1761 1606 satis-

978 1625 1148 1653 factionem.
1179 1627 1212 1653 Et
1232 1627 1299 1653 sunt
1322 1625 1470 1661 praecipue
1491 1626 1605 1661 septem
1628 1625 1761 1653 notanda

979 1674 1018 1701 ad
1032 1674 1090 1701 hoo
1106 1673 1273 1701 necessaria
1283 1694 1291 1707 ,
1307 1674 1340 1700 ut
1355 1673 1390 1700 sit
1411 1672 1541 1708 perfecta
1566 1672 1738 1708 poenitentia
1750 1694 1759 1707 ,

980 1723 1007 1748 et
1023 1720 1137 1756 peccati
1152 1719 1311 1747 medicina.

1016 1767 1113 1795 Primo
1127 1767 1207 1794 enim
1223 1766 1262 1794 ad
1276 1766 1506 1794 satisfactionem
1520 1766 1681 1802 requiritur
1695 1767 1761 1794 abs-

979 1814 1101 1842 tinentia
1119 1822 1136 1841 a
1150 1815 1284 1849 peceato.
1308 1813 1384 1841 Siout
1401 1813 1479 1840 enim
1494 1813 1592 1849 prima
1605 1813 1652 1841 lex
1669 1821 1758 1849 quam

979 1861 1112 1889 medicus
1132 1860 1220 1896 ponit
1235 1860 1370 1895 infirmo,
1387 1862 1429 1887 est
1449 1860 1625 1887 abstinentia
1639 1868 1656 1888 a
1670 1860 1757 1895 cibo3

978 1908 1018 1936 ita
1033 1907 1164 1944 primum
1175 1928 1184 1941 ,
1208 1906 1293 1942 quod
1308 1908 1350 1934 est
1370 1906 1571 1934 necessarium
1585 1906 1737 1942 poenitenti
1749 1928 1758 1940 ,

979 1956 1021 1982 est
1036 1954 1140 1988 diaeta,
1157 1953 1267 1981 scilicet
1288 1953 1465 1981 abstinentia
1487 1962 1505 1981 a
1525 1956 1657 1989 peccato.
1681 1956 1758 1981 Hanc

977 2002 1075 2037 legem
1095 2000 1271 2036 imponebat
1299 2000 1489 2036 Hippocrates
1509 2002 1608 2027 noster
1631 2000 1759 2028 Christus

978 2048 1095 2084 aegrotis
1110 2048 1188 2080 suis,
1205 2055 1281 2082 quos
1295 2046 1427 2074 habebat
1442 2046 1472 2073 in
1488 2054 1573 2079 cura,
1593 2046 1666 2074 sicut
1680 2048 1760 2082 patet

978 2097 1009 2122 iu
1025 2094 1170 2126 adultera,
1189 2093 1236 2120 cui
1256 2092 1385 2120 Christus
1401 2092 1473 2120 dixit
1489 2094 1507 2109 ¹¹
1527 2102 1533 2119 :
1552 2093 1644 2125 Vade,
1664 2097 1689 2120 et
1704 2102 1759 2120 am-

976 2143 1050 2177 plius
1064 2142 1121 2168 noli
1134 2148 1251 2176 peccare.

1014 2188 1148 2216 Secundo
1173 2186 1334 2223 requiritur
1353 2185 1392 2214 ad
1414 2186 1644 2214 satisfactionem
1663 2187 1758 2223 poeni-

979 2235 1089 2270 tentiae,
1106 2234 1248 2262 restitutio
1273 2233 1317 2261 rei
1340 2233 1444 2260 alienae
1461 2242 1467 2259 τ
1489 2236 1517 2261 et
1532 2233 1594 2261 haec
1621 2236 1664 2262 est
1684 2234 1758 2262 sicut

979 2282 1117 2319 quaedam
1131 2281 1274 2314 minutio,
1290 2280 1338 2307 vel
1352 2280 1558 2316 phlebotomia
1571 2280 1608 2317 (a)
1627 2291 1632 2308 :
1651 2281 1757 2309 minuit

979 2330 1058 2358 enim
1072 2328 1224 2364 sanguinis
1247 2327 1460 2361 substantiam,
1481 2327 1534 2354 sed
1553 2327 1648 2355 aufert
1664 2328 1755 2355 febris

977 2376 1131 2405 materiam
1155 2378 1182 2403 et
1205 2376 1360 2403 conservat
1384 2374 1485 2401 vitam.
1511 2374 1555 2402 Sic
1584 2375 1635 2410 qui
1658 2374 1754 2402 aliena

976 2424 1116 2459 restituit,
1131 2422 1290 2460 pecuniam
1305 2422 1428 2457 minuit3
1454 2422 1506 2450 sed
1522 2422 1616 2450 aufert
1639 2422 1764 2458 cupidi-i

976 2472 1041 2500 tatis
1055 2473 1083 2499 et
1102 2471 1205 2499 mortis
1228 2472 1342 2497 aeternae
1362 2469 1532 2503 materiam,
1549 2472 1576 2497 et
1600 2472 1754 2497 conservat

976 2519 1117 2555 gratiam,
1135 2520 1162 2546 et
1186 2517 1292 2545 animae
1306 2515 1407 2543 vitam.
1434 2517 1465 2543 Et
1485 2516 1559 2543 sieut
1582 2518 1650 2543 sunt
1675 2524 1753 2551 quae-

977 2593 1010 2618 Lr,
1028 2589 1049 2611 1.
1063 2601 1093 2605 —
1107 2588 1114 2600 '¹
1131 2585 1198 2609 Psal.
1216 2590 1304 2612 Lxxlx·r
1320 2584 1342 2606 2.
1356 2596 1387 2600 -
1401 2582 1411 2598 ⁸
1428 2583 1506 2613 Rom„
1521 2585 1599 2613 x,10.
1618 2596 1649 2600 —
1666 2584 1673 2597 ³
1693 2584 1752 2613 lm„

975 2629 1049 2653 mu,
1065 2625 1103 2646 26.
1117 2635 1147 2639 —
1163 2623 1178 2635 ¹⁰
1189 2619 1259 2645 Psal.
1274 2625 1344 2648 xmv,
1360 2620 1383 2642 2.
1395 2631 1423 2635 —
1438 2620 1452 2633 ¹¹
1468 2619 1547 2648 domi,
1565 2621 1674 2648 v111‚11.

1008 2666 1037 2696 (α)
1053 2666 1113 2690 Coet.
1129 2664 1188 2688 etot.
1204 2661 1381 2691 fleubotomia3
1399 2662 1422 2684 et
1437 2662 1472 2684 sit·
1487 2661 1608 2692 deinceps.

1794 1776 1880 1796 Satiefa-

1789 1807 1867 1827 aionis

1775 1838 1880 1857 conditiu-

1774 1874 1813 1889 nes
1830 1874 1878 1895 sep-

1774 1901 1826 1919 tem.
