2004 3037
897 168 1027 220 CARUT
1047 166 1166 201 XCVII.

215 248 264 275 ιιι,
288 241 334 269 16.
354 238 456 269 Simile
469 238 613 273 habetur,
628 237 742 273 Matth„
767 245 814 274 ιιι,
843 238 996 273 1¹310an„

215 295 243 324 ι,
258 287 307 316 27.

250 336 316 364 Non
339 335 459 364 erubuit
480 334 626 369 Christus,
651 333 701 363 Dei
724 333 818 362 virtus
838 335 867 362 et
887 332 937 361 Dei
952 339 998 361 sa·

215 382 338 419 pientia,
348 382 387 410 ab
400 381 508 411 eodem
518 381 647 410 themate
657 380 901 418 praedicationem
912 388 997 408 suam

215 429 361 466 incipere,
381 437 399 457 a
418 436 478 465 quo
498 436 584 457 suam
605 428 767 465 incoeperat
780 429 909 455 ioannes
922 428 997 463 Bap-

214 475 298 512 tista,
313 476 426 511 Matth„
437 483 484 511 ιιι,
499 477 527 511 2,
539 477 567 504 et
577 483 617 510 iv,
630 476 681 504 17:
695 485 708 502 a
719 473 923 503 Paenitentiam
934 473 997 510 agi-

210 525 243 552 -te
259 532 266 551 τ
282 522 538 560 appropinquavit
557 522 639 550 enim
658 530 785 558 regnum
807 521 962 549 coelorum.
980 531 993 547 ιι

250 571 338 599 Beata
351 569 434 606 virgo
448 569 538 598 Maria
555 569 594 597 ab
609 569 723 605 Angelo
742 570 805 597 tam
818 568 998 597 venerabili-

214 619 259 646 ter
271 617 412 652 salutata,
424 618 453 645 ct
473 617 568 645 mater
589 615 644 644 filii
668 615 808 645 Altissimi
829 615 996 652 appellata,

214 672 274 693 non
287 663 433 700 superbiit
445 663 531 699 inde,
545 671 601 692 nec
615 672 646 692 se
660 663 780 692 vocavit
790 665 917 691 matrem
930 662 995 696 Dei,

214 711 263 739 vel
276 710 449 746 dominam,
466 711 520 739 sed
529 712 666 738 ancillam.
685 712 757 739 Item
772 718 835 738 non
849 709 928 738 misit
939 717 995 746 pro

215 758 364 787 Elisabeth
386 760 515 794 cognata
536 766 607 793 sua,
624 757 678 786 sed
703 757 856 793 humiliter
877 757 930 785 ivit
957 756 996 785 ad

214 806 316 842 illam3
347 813 476 842 cumque
513 805 663 834 Elisabeth
682 805 790 841 Spiritu
817 806 919 832 sancto
947 812 995 832 re-

215 853 296 890 pleta
310 853 499 888 cognovisset
513 852 597 889 quod
614 852 727 880 iactum
745 851 848 880 fuisset
862 852 938 880 circa
952 851 997 888 ip-

216 908 291 935 sam,
309 899 443 928 divinam
467 899 690 928 commendavit
708 898 946 927 misericordiam
970 899 998 927 et

216 947 379 984 potentiam
395 947 496 975 dicens
512 956 519 975 :
538 956 551 973 ιι
565 946 732 983 Magnificat
745 945 847 974 anima
861 954 929 974 mea
943 947 998 974 Do-

217 995 354 1030 minum,
373 1004 388 1021 »
414 997 482 1030 etc.,
511 1004 525 1021 ι(
548 994 621 1031 quia
645 993 776 1030 respexit
801 993 998 1023 humilitatem

218 1041 334 1070 ancillae
348 1049 419 1076 suae,
435 1051 449 1068 u
466 1043 521 1070 etc.
537 1042 617 1076 Luc,
634 1049 655 1069 1.

253 1089 407 1118 {lumiliter
422 1091 450 1117 et
467 1088 595 1117 fideliter
609 1088 765 1124 respondit
781 1088 934 1123 Centurio,
956 1088 999 1116 di-

217 1143 286 1164 cens
301 1136 426 1164 Domino
443 1136 553 1164 volenti
572 1136 614 1164 ire
633 1135 674 1163 ad
688 1135 857 1164 sanandum
869 1144 999 1172 puerum

217 1191 306 1211 suum
323 1192 329 1211 ε
347 1194 360 1209 «
376 1183 513 1218 Domine,
537 1191 600 1211 non
620 1191 687 1210 sum
707 1183 831 1218 dignus,
853 1185 886 1211 ut
908 1183 999 1210 intres

218 1230 274 1259 sub
301 1232 413 1258 tectum
437 1238 540 1259 meum
556 1251 565 1266 ,
592 1231 646 1258 sed
674 1230 722 1258 dic
749 1230 845 1258 verbo
864 1252 873 1266 ,
903 1240 917 1257 n
942 1232 997 1258 etc.

218 1278 327 1311 Matth„
341 1286 409 1313 vm,
426 1279 452 1306 8.

255 1324 362 1352 Videns
376 1326 477 1353 Petrus
499 1332 530 1352 se
545 1324 585 1352 ad
604 1325 788 1361 praeceptum
799 1324 917 1352 Domini
932 1332 1001 1353 con-

218 1371 339 1400 clusisse
361 1371 585 1400 multitudinem
600 1371 728 1407 piscium
747 1371 916 1407 copiosam,
929 1380 1000 1408 pro-

219 1419 291 1447 cidit
313 1419 353 1448 ad
373 1427 471 1454 genua
492 1418 556 1454 ejus
577 1418 679 1446 dicens
695 1427 702 1446 :
722 1427 736 1444 ‹<
751 1419 803 1446 Exi
818 1426 836 1446 a
850 1426 912 1453 me,
930 1419 1001 1455 quia

218 1466 312 1494 homo
327 1467 467 1502 peccator
482 1474 564 1500 sum,
581 1465 715 1493 Domine.
733 1475 747 1491 »
768 1466 846 1500 Luc„
861 1474 892 1499 v,
908 1466 935 1493 8.

255 1513 392 1541 Salvator
406 1514 507 1541 noster
525 1512 674 1549 publicari
697 1520 751 1540 sua
771 1512 917 1541 miracula
931 1520 1002 1549 pro-

219 1560 357 1594 hibebat,
370 1562 403 1588 ut
415 1560 535 1588 doceret
549 1559 650 1595 fugere
664 1560 811 1595 Jactantiae
826 1562 853 1587 et
864 1559 1002 1588 vanitatis

219 1607 343 1641 vitium,
359 1608 387 1635 et
411 1607 483 1635 dare
510 1615 588 1634 verae
611 1607 787 1634 humilitatis
807 1606 977 1643 exemplum
992 1627 1002 1642 ,

220 1655 296 1682 sicut
308 1655 390 1690 patet
410 1654 441 1682 in
462 1653 582 1690 leproso
597 1653 762 1688 mundato,
776 1654 889 1688 Matth„
900 1661 963 1688 vm,
974 1654 1002 1682 4.

220 1703 292 1730 Item
307 1701 338 1729 in
353 1701 473 1729 duobus
487 1701 570 1729 eaecis
586 1701 624 1729 ab
640 1709 676 1729 eo
691 1700 876 1735 illuminatis,
891 1702 1003 1736 Matth„

220 1757 267 1784 ix,
283 1750 328 1776 30.
350 1749 420 1776 Item
440 1748 472 1776 in
492 1748 584 1776 surdo
608 1751 636 1777 et
656 1750 740 1776 muto
763 1751 883 1783 sanato,
899 1748 1002 1783 Marc„

220 1804 277 1830 vu,
293 1798 337 1824 36.
354 1795 425 1823 Item
436 1795 473 1823 de
484 1795 745 1831 transfiguratIOne
757 1795 831 1823 dixit
843 1803 850 1823 ε
864 1805 878 1821 α
888 1795 1004 1823 Nemini

221 1842 353 1870 dixeritis
364 1863 373 1875 ,
389 1852 402 1868 η
422 1844 476 1870 etc.
492 1843 605 1877 Mami„
621 1851 696 1877 xvn,
708 1845 734 1871 9.

257 1890 330 1917 Cum
353 1888 474 1916 dixisset
496 1889 640 1917 Dominus
662 1889 780 1917 mulieri
801 1890 976 1918 Chananaeae
996 1899 1002 1918 :

225 1947 238 1963 «
252 1938 315 1964 Non
330 1937 373 1964 est
390 1935 507 1963 bonum
531 1944 648 1963 sumere
671 1944 780 1972 panem
806 1936 939 1963 filiorum
951 1957 959 1971 ‚
977 1938 1005 1964 et

221 1984 335 2012 mittere
350 1983 490 2018 eanibus;
503 1993 516 2009 n
531 1982 582 2010 illa
597 1983 747 2011 humiliter
761 1983 835 2010 dixit
851 1992 857 2010 z
874 1983 1004 2018 «Etiam,

222 2031 345 2059 Domine
356 2051 365 2064 ,
380 2038 451 2058 nam
465 2032 492 2057 ct
507 2030 604 2058 catelli
618 2029 710 2058 edunt
730 2030 766 2057 de
787 2029 872 2057 micis
885 2051 895 2065 ,
912 2040 925 2056 υ
947 2032 1002 2058 etc.

222 2078 333 2112 Match„
349 2086 388 2106 xv
399 2099 407 2112 ‚
421 2079 473 2112 ⁶25,
488 2078 533 2105 ⁶27.

257 2125 460 2159 Quaerentibus
481 2124 652 2160 discipulis,
669 2123 735 2160 quis
759 2125 834 2151 esset
856 2124 954 2159 major
974 2123 1004 2151 in

222 2181 315 2208 regno
344 2172 508 2206 coelorum,
535 2171 690 2207 respondit
715 2171 856 2198 Dominus
881 2180 887 2198 ε
908 2181 920 2197 ι(
938 2171 1005 2205 Qui-

222 2228 351 2256 cumque
366 2218 566 2247 humiliaverit
581 2226 611 2246 se
626 2218 701 2245 sicut
712 2218 855 2254 parvulus
871 2218 923 2245 iste
935 2239 942 2252 ,
957 2218 1005 2246 hie

222 2267 319 2302 major
333 2268 376 2294 est
389 2266 421 2294 in
436 2274 529 2301 regno
547 2265 699 2293 coelorem.
714 2275 727 2291 »
746 2266 857 2297 Matth„
874 2274 962 2300 xvm,
975 2269 1002 2294 4.

258 2313 434 2349 Exemplum
448 2313 496 2341 vel
510 2312 688 2349 parabolam
697 2312 820 2340 humilis
830 2312 1005 2340 urbanitatis

221 2360 336 2389 inducit
351 2359 508 2392 Dominus,
524 2360 602 2394 Luc„
619 2367 681 2394 xxv,
694 2363 710 2388 8
726 2369 733 2387 :
747 2370 761 2386 «
777 2360 850 2387 Cum
865 2359 1005 2388 invitatus

221 2407 312 2436 fueris
336 2407 376 2435 ad
398 2406 517 2443 nuptias
531 2427 541 2441 ,
563 2414 625 2434 non
655 2406 827 2434 discumbas
850 2406 882 2434 in
905 2406 1004 2442 primo

223 2454 291 2482 loco
305 2476 313 2489 ,
328 2464 341 2481 n
360 2456 415 2482 etc.

258 2501 302 2529 Ad
316 2501 491 2537 fugiendam
505 2500 677 2536 J'actantiam
686 2521 695 2536 ,
711 2502 740 2528 et
754 2500 793 2528 ad
808 2501 1005 2530 humilitatem

224 2548 353 2576 multum
366 2547 446 2576 valet
459 2547 647 2583 exemplum,
668 2548 752 2584 quod
774 2548 888 2576 inducit
906 2548 1004 2576 Domi-

223 2603 279 2623 nus
299 2595 336 2623 de
350 2595 480 2631 superbo
497 2594 658 2629 Pharisaeo,
674 2596 703 2623 et
726 2595 763 2623 de
785 2595 891 2623 humili
909 2595 1005 2624 Publi-

216 2650 316 2677 .cano,
333 2642 408 2676 Luc„
423 2649 503 2670 xvm.

1774 169 1834 199 603

1089 236 1244 265 Humilitas
1256 236 1378 266 Joannis
1397 236 1531 273 Baptistae
1550 237 1675 272 apparet
1692 233 1836 270 multipli-

1054 283 1126 312 citer
1141 292 1148 312 ι
1165 283 1237 320 quia
1250 283 1390 312 videlicet
1409 282 1447 311 de
1461 291 1493 311 se
1505 282 1658 311 humiliter
1670 281 1836 316 sentiebat,

1053 332 1134 367 Luc„
1149 339 1199 367 ιιι,
1220 332 1254 359 15
1270 339 1278 359 ι
1297 340 1311 358 α
1326 330 1516 359 Existimante
1540 329 1624 358 omni
1646 328 1777 366 populo,
1797 335 1837 356 ne

1053 377 1128 407 sorte
1146 378 1209 415 ipse
1225 380 1300 407 esset
1313 377 1453 406 Christus.
1469 387 1483 404 »
1499 378 1589 412 Item,
1607 378 1701 411 ΙΙοαη.,
1715 384 1762 410 ιιι,
1777 376 1813 404 28
1828 384 1835 403 :

1058 435 1071 452 α
1084 427 1150 454 Νοιι
1167 433 1234 454 sum
1256 433 1313 461 ego
1327 425 1456 453 Christus
1467 445 1475 459 ‚
1492 433 1506 450 ι)
1524 426 1578 452 etc.
1600 424 1672 452 Item
1685 422 1838 451 humiliter

1052 471 1244 509 loquebatur,
1259 473 1353 507 Joan.‚
1367 480 1395 506 1,
1413 472 1447 500 23
1465 479 1472 499 :
1490 480 1505 498 «
1520 473 1582 506 Ego
1602 478 1662 498 vox
1682 469 1838 498 clamantis

1053 519 1083 548 in
1100 520 1238 553 desei-105
1255 529 1268 545 n
1287 521 1315 548 et
1333 518 1453 555 negavit
1471 527 1502 546 se
1524 526 1587 546 esse
1606 517 1771 551 Christum,
1787 518 1839 545 aut

1053 567 1146 595 Etiam
1157 588 1167 602 ‚
1182 569 1233 595 aut
1248 566 1436 603 Prophetam.
1454 568 1524 594 Item
1538 564 1721 593 induebatur
1739 562 1837 592 humi·

1052 613 1129 647 liter,
1154 613 1265 642 scilicet
1289 613 1358 650 pilis
1380 613 1582 647 camelorum,
1605 612 1723 646 Matth„
1737 619 1769 639 ιιι
1783 631 1793 646 ,
1808 612 1835 639 4.

1053 662 1125 689 Item
1147 660 1294 688 humilem
1313 660 1530 688 habitationem
1552 658 1697 695 eligebat,
1713 659 1791 694 Luc„
1810 665 1836 693 1,

1053 709 1089 737 80
1105 717 1111 736 τ
1131 716 1145 734 α
1161 709 1228 736 Erat
1242 707 1273 735 in
1289 707 1406 735 deserto
1419 729 1426 741 ‚
1442 717 1456 733 »
1474 708 1530 734 etc.

1089 755 1213 784 Humilis
1232 754 1324 783 Maria
1345 753 1520 789 Magdalena
1540 752 1711 789 frequenter
1728 751 1838 788 legitur

1053 811 1137 831 secus
1151 803 1244 839 pedes
1259 802 1377 831 Domini
1399 810 1430 830 se
1451 801 1601 838 posuisse,
1618 802 1694 836 Luc„
1709 809 1767 836 vu,
1784 801 1837 833 38,

1054 852 1083 880 et
1096 860 1131 885 x,
1147 853 1200 886 39;
1216 852 1308 885 Joan„
1326 859 1373 885 xr,
1390 851 1445 885 323
1461 850 1575 882 Matth„
1590 856 1702 883 xxvur,
1718 851 1746 877 9.

1089 898 1235 933 Quaerenti
1250 898 1376 925 Domino
1387 918 1396 932 ,
1412 905 1450 925 an
1474 899 1573 924 Petrus
1588 896 1724 931 diligeret
1737 895 1838 932 ipsum

1053 945 1122 982 plus
1145 945 1211 973 aliis
1237 944 1390 981 discipulis
1402 965 1412 979 ,
1431 943 1587 980 respondit
1609 942 1778 976 humiliter,
1796 942 1839 970 di-

1054 1000 1123 1020 cens
1140 1001 1147 1020 t
1166 1002 1180 1019 α
1193 994 1235 1020 Tu
1258 991 1332 1026 scis,
1348 991 1487 1026 Domine,
1512 990 1584 1027 quia
1604 998 1673 1018 amo
1690 991 1726 1018 te.
1742 1000 1757 1017 n
1774 991 1838 1018 Non

1054 1041 1129 1069 dixit
1145 1050 1152 1069 :
1168 1044 1244 1069 Amo
1257 1042 1286 1068 te
1301 1040 1369 1077 plus
1385 1040 1460 1069 aliis,
1475 1041 1566 1075 Joan„
1582 1048 1643 1068 xxi.

1090 1088 1241 1124 Praecipua
1264 1087 1439 1116 humilitatis
1459 1086 1597 1123 exempla
1618 1085 1753 1122 accipere
1768 1093 1839 1122 pos-

1055 1144 1159 1163 sumus
1176 1137 1204 1163 et
1224 1135 1371 1164 debemus
1395 1134 1427 1162 in
1450 1133 1571 1163 salutari
1595 1136 1697 1162 nostro
1714 1132 1839 1161 Domino

1053 1184 1121 1210 iesu
1149 1183 1279 1217 Christo,
1307 1182 1385 1210 circa
1411 1181 1495 1218 cujus
1525 1180 1783 1209 conversationem
1808 1179 1840 1208 in

1055 1229 1139 1258 terris
1167 1229 1351 1257 considerari
1377 1230 1497 1265 potest,
1524 1228 1608 1264 quod
1632 1228 1695 1264 ipse
1723 1226 1840 1262 concipi

1054 1276 1150 1305 voluit
1169 1276 1200 1304 in
1213 1276 1311 1313 patria
1326 1276 1481 1313 despecta,
1497 1275 1636 1304 videlicet
1650 1274 1787 1310 Galilaea,
1802 1273 1840 1302 de

1056 1332 1132 1360 qua,
1146 1325 1239 1359 ioan„
1261 1331 1303 1352 vn
1315 1345 1324 1358 ,
1340 1325 1374 1352 52
1391 1333 1400 1351 .·
1419 1333 1432 1349 α
1450 1324 1585 1351 Scrutare
1606 1324 1635 1350 et
1657 1321 1727 1350 vide
1739 1342 1749 1356 ,
1769 1321 1841 1358 quia

1055 1371 1202 1407 propheta
1216 1379 1234 1399 a
1249 1371 1368 1399 Galilaea
1392 1379 1455 1399 non
1476 1370 1578 1406 surgit.
1599 1380 1614 1398 n
1635 1370 1718 1398 Unde
1741 1370 1839 1398 admi-

1055 1418 1153 1447 rando
1169 1418 1243 1446 dixit
1257 1418 1420 1446 Nathanael
1437 1427 1444 1446 :
1463 1420 1511 1446 «A
1524 1417 1666 1446 Nazareth
1679 1419 1776 1454 potest
1789 1417 1840 1445 ali-

1056 1465 1131 1503 quid
1145 1466 1218 1494 honi
1234 1473 1296 1493 esse
1310 1466 1324 1493 ‘?
1339 1475 1353 1491 »
1370 1467 1462 1501 Jocm„
1478 1473 1498 1494 1.

1093 1514 1164 1541 Item
1185 1512 1222 1540 de
1242 1514 1336 1540 matre
1354 1512 1462 1540 humili
1475 1514 1562 1541 natus
1576 1511 1645 1548 fuit,
1662 1520 1730 1549 quae
1745 1511 1816 1540 dicit
1832 1522 1838 1540 :

1060 1568 1074 1586 t(
1089 1560 1229 1596 Respexit
1242 1559 1458 1593 humilitatem,
1472 1569 1486 1585 ι)
1503 1561 1572 1594 etc„
1596 1560 1674 1594 Luc„
1693 1568 1719 1594 1,
1735 1560 1770 1587 48
1784 1568 1792 1595 ;
1810 1559 1841 1587 in

1057 1607 1174 1635 civitate
1189 1614 1300 1642 parva,
1317 1609 1345 1634 et
1358 1606 1426 1635 loco
1445 1606 1616 1635 humillimo
1627 1627 1635 1641 ,
1651 1607 1728 1641 Luc„
1743 1615 1785 1641 ιι,
1800 1609 1816 1634 7
1833 1615 1840 1634 z

1060 1664 1073 1680 (ι
1092 1653 1256 1682 Reclinavit
1271 1662 1340 1682 eum
1355 1654 1387 1681 in
1401 1653 1563 1690 praesepio,
1578 1663 1592 1680 »
1611 1656 1665 1682 etc.

1095 1703 1167 1730 Item
1182 1701 1267 1738 quasi
1282 1709 1336 1737 per
1351 1709 1446 1729 annos
1461 1701 1588 1737 trigenta
1606 1700 1692 1729 latuit
1709 1701 1741 1728 in
1758 1708 1843 1728 mun-

1057 1748 1115 1783 do,
1139 1749 1180 1776 ita
1204 1748 1289 1784 quod
1313 1748 1387 1776 nihil
1412 1748 1450 1776 de
1475 1756 1510 1776 eo
1533 1748 1656 1784 legitur,
1679 1748 1737 1776 nisi
1758 1748 1844 1784 quod

1057 1804 1127 1824 cum
1152 1798 1227 1823 esset
1252 1803 1401 1823 annorum
1431 1795 1593 1823 duodecim
1610 1815 1620 1829 ,
1644 1795 1787 1823 remansit
1812 1795 1844 1823 in

1058 1842 1257 1876 Hierusalem,
1273 1844 1301 1870 et
1315 1842 1453 1870 inventus
1471 1844 1514 1870 est
1538 1842 1570 1870 in
1589 1842 1703 1878 templo
1720 1842 1844 1870 audiens

1059 1891 1087 1918 et
1112 1889 1319 1924 interrogans,
1343 1897 1405 1916 non
1429 1889 1542 1917 docens
1567 1891 1596 1917 et
1621 1889 1842 1923 determinans,

1059 1938 1162 1963 contra
1189 1937 1459 1972 praesumptuosos,
1484 1935 1536 1971 qui
1560 1935 1648 1962 nimis
1672 1935 1776 1963 festine
1803 1935 1845 1963 ad

1059 1982 1191 2010 officium
1219 1982 1350 2010 docendi
1376 1984 1588 2019 prorumpunt.
1613 1982 1751 2017 Sequitur
1780 1981 1822 2010 ibi
1833 2004 1841 2014 ,

1061 2030 1139 2063 Luc„
1153 2037 1188 2064 ιι,
1200 2031 1230 2057 51
1248 2038 1254 2056 :
1270 2040 1283 2054 «
1300 2029 1453 2057 Descendit
1467 2037 1536 2056 cum
1550 2028 1650 2063 Maria,
1663 2031 1690 2056 et
1705 2028 1843 2056 subditus

1059 2078 1121 2104 erat
1136 2076 1205 2103 illis.
1222 2086 1235 2102 »
1251 2075 1363 2104 Exinde
1379 2076 1458 2104 circa
1473 2084 1585 2104 annum
1606 2075 1789 2103 tricesimum
1803 2076 1843 2104 ad

1057 2124 1203 2151 ioannem
1232 2123 1392 2159 Baptistam
1417 2123 1512 2157 venit,
1527 2124 1561 2150 ut
1582 2123 1782 2159 baptizaretur
1803 2122 1842 2151 ab

1059 2179 1105 2206 eo,
1119 2179 1181 2199 non
1196 2179 1251 2208 pro
1267 2179 1303 2199 eo
1318 2171 1413 2206 misit,
1429 2172 1542 2205 Matth„
1554 2179 1585 2204 ιι,
1599 2172 1702 2198 contra
1716 2170 1842 2204 multos,

1059 2218 1111 2254 qui
1126 2219 1165 2246 ad
1183 2219 1316 2246 minores
1329 2227 1455 2255 pergere
1476 2218 1688 2253 dedignantur.

1094 2266 1165 2293 Item
1179 2265 1307 2293 humiles
1322 2265 1486 2301 discipulos
1501 2264 1607 2300 elegit,
1623 2264 1736 2298 Matth„
1757 2271 1797 2297 xv,
1814 2266 1842 2292 et

1058 2313 1134 2347 Luc„
1150 2320 1186 2345 v;
1203 2313 1231 2339 et
1245 2320 1314 2340 oum
1336 2312 1378 2340 eis
1400 2312 1551 2339 humiliter
1575 2314 1767 2339 conversatus
1783 2312 1841 2345 est,

1059 2362 1087 2387 et
1101 2367 1153 2387 eos
1168 2359 1316 2395 praecipue
1341 2359 1378 2387 de
1393 2359 1559 2387 humilitate
1582 2358 1704 2390 docuit,
1729 2358 1841 2392 Matth„

1059 2414 1106 2440 xi,
1121 2407 1156 2434 29
1173 2415 1180 2434 :
1201 2416 1215 2432 α
1230 2406 1333 2434 Discite
1348 2414 1366 2433 a
1381 2414 1428 2433 me
1440 2427 1448 2441 ,
1465 2406 1537 2441 quia
1552 2405 1630 2433 mitis
1645 2413 1712 2432 sum
1735 2406 1763 2431 et
1786 2404 1841 2432 hu-

1059 2453 1138 2481 milis
1156 2453 1256 2480 corde.
1273 2463 1286 2479 ι)
1311 2453 1392 2481 Unde
1420 2454 1507 2487 filium
1538 2453 1654 2479 hominis
1681 2449 1841 2487 saepius'se

1060 2500 1179 2528 dicebat
1201 2521 1210 2534 ,
1234 2508 1296 2528 non
1333 2501 1440 2529 Filium
1465 2500 1514 2528 Dei
1545 2510 1551 2528 ε
1580 2499 1648 2527 licet
1683 2502 1842 2535 utrumque

1059 2550 1133 2576 esset
1156 2556 1262 2575 verum
1279 2548 1445 2576 secundum
1472 2547 1547 2575 duas
1569 2548 1690 2574 naturas
1704 2546 1736 2573 in
1757 2546 1841 2582 ipso,

1060 2597 1159 2623 tamen
1174 2594 1212 2622 ab
1228 2594 1367 2623 inferiore
1381 2594 1564 2630 frequentius
1577 2601 1607 2621 se
1623 2592 1799 2620 nominavit.

1096 2643 1292 2670 conversatus
1306 2650 1374 2670 cum
1398 2641 1572 2670 hominibus
1593 2641 1732 2669 interesse
1747 2639 1841 2668 voluit
