2004 3037
231 215 290 250 386

211 304 214 308 -
230 294 267 316 eo
288 283 395 322 poterit
417 282 604 319 dispensare,
624 281 682 309 nisi
700 288 799 310 crassa
818 281 906 310 fuerit
919 282 1006 317 igno-

229 331 339 366 rantia,
355 330 432 358 utin
445 329 524 357 dicto
538 337 564 357 c.
584 330 747 364 Requisivt'c.
770 331 936 365 Apparatus
961 330 1005 357 ta-

228 386 299 408 men
313 377 397 412 dicit,
409 376 492 412 quod
507 375 621 403 etiamsi
630 374 797 412 probabilis
811 375 848 403 sit
862 375 1004 412 ignoran-

227 425 284 462 tia,
299 423 465 453 necessaria
480 424 523 452 est
536 422 728 458 dispensatio.

508 505 690 531 PARTlCULA
707 506 738 531 X.

264 567 317 602 Qui
332 567 371 596 ab
386 565 641 595 excommunicato
660 565 709 594 vel
723 572 868 601 suspenso
884 563 1006 593 ordina-

227 617 275 644 tur
290 613 299 651 (
313 615 423 648 Extra„
445 612 482 641 de
496 612 644 641 ordinatis
665 611 705 640 ab
727 611 873 648 Episcopo
893 610 943 647 qui
958 618 1005 638 re—

220 660 354 697 signavit
368 659 616 696 episcopatui,vel
624 657 894 691 excommunicato,
901 665 928 684 c.
941 657 1005 685 Cum

227 709 360 744 clericis).
380 708 437 736 Sed
459 707 615 743 episcopus
629 707 725 742 potest
739 713 807 733 cum
830 712 866 733 eo
888 704 1004 740 dispen-

226 765 306 791 sare,
321 757 353 784 ut
372 755 484 783 ibidem
501 754 622 789 dicitur,
641 753 665 781 si
686 753 858 789 ignoranter
879 751 1003 787 recipit;

227 803 296 840 quia
323 803 348 830 si
375 802 514 836 scienter,
536 809 599 829 non
625 800 845 836 dispensaretur
872 806 940 826 cum
967 805 1004 826 eo

229 851 325 886 (cauS.
342 857 387 884 ix,
404 850 505 885 quaest.
522 856 542 883 1,
559 856 583 875 c.
606 845 824 881 Ordinationes).

505 930 685 956 PARTtCULA
702 929 746 954 xl.

262 990 316 1025 Qui
330 997 490 1026 suspensus
503 988 553 1017 vel
571 985 846 1016 excommunicatus
866 983 1005 1012 ordinem

226 1037 331 1074 recipit
346 1037 428 1073 (Arg.
445 1038 540 1065 Extra.
545 1056 554 1070 ,
569 1035 606 1063 de
625 1036 708 1062 oetate
724 1035 752 1061 ct
767 1032 908 1069 qualitate
923 1030 1006 1059 Ordi-

226 1084 414 1118 nandorum,
427 1091 452 1111 c.
468 1083 533 1110 Cum
548 1083 637 1112 bonoe:
651 1082 760 1114 Extra„
776 1079 814 1107 de
827 1078 938 1106 Clerico
954 1086 1005 1105 ex-

225 1130 443 1159 communicato
452 1129 646 1162 ministrante,
657 1136 684 1155 c.
700 1127 858 1159 Postulasti,
870 1133 939 1153 cum
947 1124 1005 1152 hoe

223 1177 305 1205 solus
316 1178 395 1213 Papa
405 1177 558 1213 dispensat
572 1177 691 1212 (Extra,
702 1173 771 1202 eod.
783 1172 838 1207 tit.,
851 1180 876 1199 e.
895 1172 1004 1205 Clerici,

223 1223 254 1252 in
268 1227 376 1261 Appar.
385 1224 403 1260 ).

508 1258 689 1284 PAltTtCULA
706 1258 760 1282 xn.

261 1319 315 1353 Qui
330 1318 425 1354 rejicit
438 1316 590 1352 religionis
605 1316 751 1350 habitum,
769 1317 796 1343 et
810 1315 840 1342 in
851 1313 959 1342 soeculo
974 1313 1004 1341 in

225 1366 371 1403 apostasia
395 1364 482 1392 suerit
502 1364 656 1392 ordinatus
678 1363 801 1398 (Extra,
822 1360 889 1389 eod.
906 1361 962 1395 tit.,
978 1368 1003 1387 c.

227 1411 458 1447 Οοηειιίεαῐίοιιῐ),
475 1419 542 1438 cum
558 1411 615 1438 hoc
631 1409 728 1437 solum
743 1411 822 1444 Papa
837 1408 1004 1443 dispensat,

224 1462 257 1488 ut
272 1459 384 1488 ibidem
406 1458 522 1486 dicitur.
543 1457 597 1485 Ubi
611 1458 682 1485 nota
697 1455 847 1491 quosdam
861 1453 1006 1490 speciales

224 1514 323 1542 casus,
340 1506 370 1534 in
386 1505 495 1542 quibus
510 1505 589 1540 Papa
606 1503 767 1538 dispensat,
780 1502 810 1530 in
828 1502 966 1537 Apparet.

481 1588 662 1613 PAllTlCULA
681 1587 747 1611 Xlll.

261 1647 315 1681 Qui
327 1647 356 1674 in
368 1646 502 1682 quolibet
514 1645 630 1673 mortali
643 1644 797 1672 ordinatur
806 1643 880 1679 (Arg.
894 1643 1004 1675 Extra„

226 1694 264 1722 dc
279 1693 502 1721 Coliabitatione
517 1692 697 1720 clericorum
721 1693 749 1718 ct
770 1689 895 1723 Mulier„
911 1697 936 1716 c.
953 1689 1007 1721 Qui

225 1743 297 1773 sint,·
312 1740 378 1767 dist.
395 1747 466 1773 xxv,
476 1748 501 1766 c.
516 1740 648 1771 Primum,
661 1741 688 1765 ct
703 1746 782 1764 caus.
799 1745 840 1770 x1,
855 1738 956 1772 quaest.
974 1743 1004 1769 11,

227 1796 251 1814 c.
267 1787 365 1822 Audi).
382 1788 414 1813 Et
427 1785 492 1813 licet
507 1785 572 1813 talis
584 1784 716 1819 indigeat
728 1783 945 1818 dispensatione
960 1789 1006 1808 se-

227 1833 360 1861 cundum
385 1831 595 1868 nuymundum
619 1830 787 1863 uodonem„
811 1831 909 1856 tamen
935 1827 1006 1855 dicit

227 1880 289 1908 haec
303 1879 397 1907 verba
412 1887 422 1906 :
437 1889 451 1904 (ι
465 1879 528 1906 Non
542 1877 632 1905 eredo
648 1876 730 1912 quod
744 1875 874 1910 indigeat
888 1875 1006 1910 dispen-

227 1927 339 1955 satione
370 1927 435 1961 post
469 1923 672 1960 poenitentiam
687 1944 695 1958 ‚
723 1922 747 1949 si
773 1923 808 1949 sit
845 1921 1006 1949 occultum.

229 1975 306 2009 (Arg.
322 1975 431 2005 Extra„
446 1972 482 1999 de
497 1973 596 2006 Temp.
620 1970 702 2005 Ord.,
722 1978 746 1996 c.
766 1970 820 2001 Qui
839 1968 915 2002 siut).
926 1978 940 1993 n
955 1967 1006 1995 Cui

228 2020 390 2048 concordat
397 2018 572 2052 Bel-nardus,
580 2017 608 2044 in
618 2019 738 2052 Appar„
746 2015 820 2043 ibid.
831 2016 901 2042 Item
908 2014 1007 2042 Bodo-

228 2075 297 2096 ncn.
308 2067 387 2101 dicit,
398 2065 481 2101 quod
489 2064 553 2092 talis
564 2064 645 2098 large
655 2063 760 2090 dicitur
768 2070 938 2097 suspensus,
946 2069 1007 2089 non

229 2122 282 2150 per
296 2113 421 2141 moduni
430 2111 587 2146 sententiae,
601 2110 653 2137 scd
664 2118 717 2145 per
730 2109 855 2136 modum
866 2107 1007 2143 simplicis

230 2159 438 2196 prohibitionis
450 2180 458 2193 ,
474 2160 576 2186 contra
595 2165 685 2193 quam
707 2155 940 2191 prohibitionem
956 2154 1007 2189 qni

231 2207 379 2240 celebrat,
405 2213 466 2232 uon
488 2204 612 2232 incurrit
634 2203 880 2237 irregularitatem
901 2223 908 2235 ,
934 2201 1008 2229 sicut

232 2253 352 2280 incurrit
367 2252 417 2287 qui
433 2251 562 2279 celebrat
581 2258 740 2284 suspensus
755 2257 808 2284 per
820 2248 1005 2275 sententiam.

234 2301 270 2326 Dc
288 2299 343 2325 haic
360 2297 483 2325 materia
495 2297 589 2323 inulta
606 2295 739 2322 inwnics
755 2295 784 2321 in
799 2296 919 2321 Summa
935 2298 1008 2329 Ray-

232 2346 351 2379 mundi,
368 2344 452 2371 titulo
467 2344 498 2370 ilc
514 2345 627 2377 Lopsz's,
648 2344 676 2369 et
694 2352 718 2368 c.
743 2344 768 2380 135
789 2343 803 2375 ς’
829 2342 927 2368 Contra
939 2350 1008 2376 pra*-

232 2393 320 2419 dt'cttts
336 2395 387 2418 tres
402 2391 518 2425 testulus.

488 2472 667 2497 PARTICULA
686 2472 752 2496 xlv.

269 2534 323 2568 Qui
345 2533 420 2561 duos
441 2539 540 2560 sacros
564 2530 700 2563 ordines,
716 2529 764 2556 vel
788 2528 918 2556 minores
939 2537 1007 2556 cum

233 2581 464 2614 subdiaconatu,
493 2579 544 2605 aut
570 2577 729 2604 diaconatu
757 2575 859 2610 recipit
878 2584 937 2603 una
959 2576 1006 2603 dic

236 2624 596 2662 (Extra.‚de'l*cniporibus
602 2623 714 2656 ordin„
724 2630 748 2650 c.
759 2623 888 2654 Liuor-ax
897 2623 1008 2656 Extra.‚

234 2674 301 2702 cod.
319 2674 372 2708 tit.,
386 2682 410 2701 c.
431 2675 566 2707 Ililcctus3
584 2673 691 2704 Extra„
706 2670 743 2698 dc
759 2678 811 2704 co,
828 2670 879 2705 qui
899 2670 1006 2697 furtive

834 208 849 216 ⁶
867 201 1202 247 eoNFEssioNALE.

1063 281 1192 318 suscepit
1205 281 1335 310 ordines.
1351 282 1416 309 Cum
1433 278 1470 308 H.
1487 282 1579 315 Later,
1597 283 1625 309 et
1641 289 1668 309 c.
1689 281 1834 317 innotuit),

1063 336 1131 356 cum
1145 327 1318 364 hujusmodi
1332 329 1428 364 potest
1449 327 1606 364 episeopus
1620 327 1791 364 dispensare
1804 327 1837 355 in

1062 374 1229 403 minoribus
1235 376 1263 402 et
1269 373 1444 410 majoribus,
1451 373 1476 401 si
1484 373 1636 402 intraverit
1641 373 1815 409 religionem
1826 382 1836 409 ς

1061 421 1110 450 vel
1124 421 1261 458 praelatus
1283 429 1354 450 suus
1373 422 1484 457 potest,
1499 422 1533 449 ut
1546 420 1578 449 in
1597 420 1676 449 dicta
1699 419 1838 448 decretali

1062 469 1198 497 Innotuit.

1324 537 1503 562 PARTICULA
1521 537 1576 563 XV.

1097 609 1152 643 Qui
1175 617 1238 638 non
1259 609 1374 637 habens
1397 609 1535 644 ordines,
1561 609 1698 637 divinum
1721 610 1840 637 exercet

1062 655 1209 691 officium,
1224 655 1273 684 vel
1292 656 1408 684 habeus
1430 656 1562 692 aliquem
1579 655 1732 690 ordinem,
1746 657 1775 684 et
1797 655 1840 684 al-

1061 702 1150 731 terius
1166 702 1295 736 ordinis,
1310 711 1400 739 quem
1414 711 1476 730 non
1489 703 1594 738 habet,
1607 702 1739 730 officium
1753 709 1839 730 exer-

1062 751 1121 784 cet,
1136 749 1184 777 hic
1206 757 1260 785 per
1284 749 1536 786 dispensationem
1559 751 1644 786 Papoe
1666 749 1698 777 in
1713 748 1838 783 ordine,

1061 803 1153 832 quem
1182 795 1290 830 habet,
1318 796 1459 824 toleratur
1473 817 1482 831 ,
1511 796 1575 832 sed¹
1597 795 1637 824 ad
1658 795 1751 824 alium
1777 803 1839 823 non

1061 841 1300 878 promovebitur,
1312 845 1344 870 ut
1357 849 1437 870 cauS.
1448 850 1511 877 xiv,
1523 844 1625 879 quaest.
1636 850 1710 878 nnc.
1723 843 1840 870 Privile-

1062 890 1154 924 qium3
1169 896 1249 917 caus.
1261 897 1334 924 xxv,
1346 891 1448 925 quoest.
1465 897 1501 923 11,
1520 897 1546 917 c.
1563 889 1607 917 sic
1621 889 1694 917 dccet
1706 898 1715 922 ς
1729 890 1839 924 Extra„

1061 934 1130 963 eod.
1143 935 1199 970 tit.,
1213 943 1238 964 c.
1251 936 1284 964 Si·
1297 938 1376 971 quis,
1392 938 1420 963 et
1434 944 1460 964 c.
1473 937 1517 963 Ex
1531 937 1642 964 litteris.

1327 1019 1507 1044 PARTICULA
1524 1019 1591 1044 xvt.

1097 1078 1151 1112 Qui
1167 1078 1438 1106 excommunicatus
1451 1078 1500 1106 vel
1514 1085 1673 1114 suspensus
1689 1077 1838 1113 celebrat,

1061 1127 1093 1152 ut
1106 1126 1214 1160 Extra„
1237 1125 1274 1153 dc
1289 1125 1374 1153 Cleri.
1400 1124 1617 1153 excommunic.
1634 1124 1816 1153 ministrante
1827 1145 1836 1159 ‚

1062 1179 1087 1199 c.
1101 1172 1219 1204 Clerici„
1231 1174 1259 1199 et
1269 1180 1334 1208 cap.
1347 1172 1465 1206 Letoi-es,
1474 1173 1503 1199 ct
1513 1179 1578 1208 cap.
1592 1179 1729 1208 sequen„
1738 1174 1766 1200 et
1775 1172 1838 1200 Fra-

1062 1220 1206 1252 ternitati,
1220 1220 1248 1246 et
1262 1219 1441 1256 Apostolicoe,
1457 1220 1486 1246 et
1497 1219 1528 1246 Sc·
1543 1219 1658 1246 celebrat
1672 1219 1783 1246 minori.

1328 1301 1508 1326 PAltTlCULA
1525 1301 1605 1326 xvii.

1097 1359 1152 1394 Qui
1168 1359 1198 1387 in
1212 1359 1279 1388 loeo
1302 1359 1457 1388 interdicto
1472 1359 1634 1388 celebravit
1649 1360 1657 1395 (
1673 1361 1781 1393 Extra„
1801 1359 1839 1388 de

1062 1406 1147 1434 Cleri.
1160 1415 1307 1435 excomm.
1321 1407 1406 1442 min.‚
1419 1415 1444 1434 c.
1461 1407 1633 1442 postulasti),
1642 1406 1672 1434 in
1685 1405 1743 1434 hoc
1758 1414 1840 1441 casu,

1062 1455 1090 1481 et
1104 1453 1134 1481 in
1158 1453 1348 1489 praecedenti,
1363 1453 1513 1489 dispensat
1532 1455 1624 1489 rapa,
1641 1455 1674 1480 ut
1688 1453 1794 1481 dicitur
1808 1452 1839 1480 in

1061 1508 1127 1537 cap.
1143 1499 1243 1535 dictis,
1258 1501 1388 1528 maxime
1402 1509 1427 1528 c.
1446 1500 1557 1532 Clerici,
1574 1500 1626 1528 ubi
1641 1500 1699 1528 hoc
1710 1499 1779 1529 satis
1794 1499 1839 1527 di-

1065 1547 1139 1575 citur
1153 1547 1183 1575 in
1197 1550 1291 1583 Appa.

1322 1623 1501 1649 PARTICULA
1521 1624 1612 1649 xvim.

1097 1687 1152 1722 Qui
1180 1687 1211 1715 in
1238 1687 1374 1716 haeresim
1403 1687 1504 1723 lapsus
1521 1709 1529 1721 ,
1558 1687 1597 1715 ab
1623 1695 1658 1715 ea
1685 1687 1839 1716 revertitur

1062 1736 1158 1770 (caus.
1176 1743 1196 1768 1,
1211 1737 1314 1770 quarst.
1331 1742 1388 1769 vn,
1403 1743 1427 1762 c.
1444 1734 1669 1765 Saluberrimum,
1687 1736 1714 1761 ct
1728 1742 1752 1761 c.
1770 1734 1839 1762 Con-

1061 1781 1231 1809 vem'cncibus
1245 1781 1265 1816 ),
1281 1780 1329 1808 hie
1351 1781 1390 1808 ad
1411 1781 1539 1814 majores
1554 1780 1673 1808 ordines
1688 1788 1748 1808 non
1768 1788 1839 1816 pro-

1061 1830 1208 1862 movetur,
1226 1827 1278 1854 sed
1294 1827 1323 1854 in
1338 1827 1481 1862 susceptis
1494 1829 1592 1862 potest
1607 1826 1765 1863 episcopus
1780 1827 1839 1855 dis-

1061 1882 1186 1910 pensare
1201 1882 1270 1901 cum
1286 1881 1339 1909 eo,
1352 1875 1384 1901 ut
1399 1873 1429 1900 in
1444 1872 1522 1901 dicto
1538 1881 1603 1908 cap.
1619 1873 1839 1901 Soluberrimum.

1325 1957 1503 1982 PARTtCULA
1524 1957 1590 1982 xix.

1099 2015 1154 2050 Qui
1168 2014 1310 2042 haeretieis
1326 2014 1522 2042 ecclesiastica
1545 2017 1731 2043 sacramenta
1746 2015 1842 2043 distri-

1062 2063 1178 2097 buerit,
1192 2062 1241 2089 vel
1265 2070 1316 2089 eos
1337 2061 1494 2097 sepulturae
1510 2061 1676 2097 tradiderit,
1692 2061 1740 2090 vel
1756 2062 1840 2091 obla-

1062 2110 1155 2137 tiones
1166 2116 1269 2137 corum
1279 2108 1421 2144 receperit
1431 2109 1548 2143 (Extra.,
1556 2107 1624 2136 eod.
1632 2108 1684 2143 tit.,
1693 2117 1717 2136 c.
1730 2109 1841 2136 Excom-

1061 2158 1250 2186 muniremus:
1276 2163 1355 2183 cauS.
1382 2163 1406 2189 ι,
1420 2156 1446 2190 ξ.
1467 2156 1497 2182 δι’
1517 2163 1577 2182 vcro
1599 2157 1709 2183 clericus
1726 2155 1749 2192 );
1772 2163 1840 2183 cum

1061 2202 1106 2230 his
1121 2202 1271 2238 dispensat
1286 2201 1366 2230 solus
1381 2203 1476 2236 Papa,
1492 2203 1526 2229 ut
1539 2201 1654 2230 ibidem
1668 2201 1784 2230 dicitur.

1327 2286 1508 2310 PARTlCULA
1525 2287 1578 2311 XX.

1096 2344 1150 2378 Qui
1175 2343 1318 2371 hoereticis
1329 2363 1338 2377 ,
1363 2343 1553 2371 credentibus
1565 2365 1573 2378 ‚
1602 2343 1767 2371 fautoribus
1777 2363 1787 2377 ,
1811 2344 1839 2371 ct

1063 2389 1268 2418 defensoribus
1283 2397 1387 2417 corum
1408 2390 1439 2417 in
1453 2390 1554 2426 aliquo
1575 2388 1739 2425 praestiterit
1754 2389 1838 2417 auxi-

1062 2437 1150 2471 lium,
1173 2436 1329 2463 consilium
1345 2438 1373 2463 ct
1387 2436 1540 2470 savorem,
1555 2437 1583 2463 ct
1597 2435 1649 2471 qui
1667 2435 1709 2463 eis
1723 2435 1754 2463 in
1768 2444 1838 2464 eau-

1062 2483 1110 2517 sis,
1126 2483 1174 2510 vel
1188 2482 1280 2516 saetis,
1295 2482 1342 2510 vel
1358 2482 1422 2510 aliis
1434 2482 1647 2518 litigationibus
1662 2482 1717 2510 sub
1732 2490 1837 2511 eorum

1063 2529 1279 2557 examinatione
1294 2529 1493 2565 patrocinium
1508 2529 1674 2565 praebuerit,
1686 2531 1713 2557 et
1725 2537 1779 2565 pro
1796 2529 1838 2557 eis

1061 2576 1181 2612 publica
1195 2576 1391 2604 instrumenta
1401 2597 1410 2610 ,
1425 2575 1474 2604 vel
1488 2575 1596 2611 scripta
1610 2575 1720 2609 fecerit,
1734 2583 1839 2611 perpe-

1061 2625 1112 2651 tuo
1128 2626 1170 2651 est
1183 2623 1221 2651 ab
1237 2623 1335 2651 officio
1350 2631 1507 2660 suspensus
1522 2622 1642 2658 (Extra,
1657 2622 1724 2650 eod.
1741 2622 1794 2657 tit.,
1811 2630 1837 2650 c.

1060 2671 1092 2698 St
1107 2670 1234 2698 adversus
1245 2669 1313 2705 nos.)
