2004 3037
93 676 158 696 Ratio

95 707 158 733 quid.

76 1858 175 1879 Intellec-

75 1891 110 1908 tus
119 1889 180 1915 quid.

189 188 249 218 430

190 252 288 281 dum:
313 259 405 288 quare
428 251 601 287 imaginatio
626 251 758 280 animam
778 251 875 287 magis
901 258 966 278 iac-20

191 299 432 335 appropinquare
454 297 579 332 aeternis,
602 305 695 334 quam
716 305 819 325 sensus
843 297 970 325 exterio-

189 354 247 373 res.
275 345 356 372 Unde
381 344 545 372 aichardus
572 344 686 378 dicit¹,
717 344 800 381 quod
827 344 902 372 ratio
931 344 971 372 ad

190 391 386 420 invisibilium
401 390 603 426 cognitionem
623 398 780 427 nunquam
794 392 970 426 assurgeret,

190 438 246 467 nisi
261 438 289 466 ei
302 437 412 466 ancilla
425 445 480 465 sua
495 437 668 473 imaginatio
682 437 847 465 visibilium
859 437 972 465 formas

190 487 427 522 repraesentaret,
442 486 504 514 siue
522 494 649 522 quarum
663 485 844 521 cognitione,
860 485 900 514 ad
913 493 971 512 cee-

191 532 310 561 lestium
335 532 618 569 contemplationem
645 541 802 570 nunquam
831 532 971 560 ascende·

191 582 244 608 ret.
261 579 359 608 Merito
379 587 450 615 ergo
469 579 580 615 gradus
599 579 858 616 contemplationis
875 580 972 615 potest

193 626 263 661 dici,
279 626 451 662 dispositive
466 626 581 654 saltem.

228 672 339 701 Tertius
367 673 477 708 gradus
504 672 684 701 ascendendi
710 672 751 700 ad
776 673 879 707 Deum,
909 672 971 700 sive

193 719 431 755 contemplandi,
455 719 561 748 dicitur
584 727 646 748 esse
672 719 702 747 in
730 719 855 747 ratione.
885 719 970 747 Ratio

193 768 303 801 autem,
314 766 479 794 secundum
492 774 573 801 eum,
587 777 600 792 (ι
611 768 654 794 est
668 775 703 795 ea
712 766 758 794 vis
772 766 889 800 animae,
904 774 971 802 quae

191 821 292 842 rerum
320 821 542 849 corporearum⁴
559 815 698 848 naturas,
727 813 858 846 formas,
887 812 971 840 diffe-

191 860 300 888 rentias
321 862 350 888 et
371 860 493 896 propria
518 859 681 888 accidentia
704 859 847 895 percipit,
870 859 973 887 omnia

192 907 384 943 incorporea,
406 907 458 934 sed
477 914 539 934 non
561 909 642 934 extra
666 914 802 942 corpora.
825 905 972 934 Abstrahit

193 954 272 983 enim
287 962 304 982 a
319 953 542 990 corporalibus,
559 961 625 989 quae
639 952 802 980 tundantur
816 953 847 980 in
862 960 970 988 corpo-

192 1001 293 1035 ribus,
307 1008 370 1028 non
385 999 518 1033 actione,
532 999 585 1027 sed
600 999 846 1027 consideratione.
863 1001 972 1027 Natura

192 1055 298 1082 nempe
318 1047 410 1082 ipsius
427 1046 578 1082 corporis,
594 1046 758 1073 secundum
774 1053 866 1082 quam
882 1053 971 1074 omne

193 1101 301 1130 corpus
315 1095 371 1127 est,
387 1092 503 1120 nullum
520 1101 628 1129 corpus
647 1094 698 1120 est.
724 1093 787 1120 uaeo
809 1093 884 1120 ratio
904 1100 971 1120 sen-

193 1149 259 1168 sum
274 1140 379 1168 mentis
395 1140 482 1173 acuit,
498 1147 628 1175 veraque
643 1147 659 1167 a
674 1139 754 1167 salsis
767 1139 930 1174 distinguit,
945 1142 972 1167 et

193 1187 354 1222 imaginem
375 1186 423 1214 nei
445 1186 474 1213 in
496 1194 526 1214 se
549 1188 712 1214 conservat.
737 1196 749 1211 n
769 1187 831 1213 lIaec
848 1185 908 1213 ille.
931 1187 971 1213 Ex

193 1242 254 1270 quo
279 1235 418 1270 apparet,
438 1233 521 1269 quod
541 1233 616 1260 ratio
637 1240 756 1260 sensum
777 1235 805 1260 et
828 1233 973 1267 imagina-

193 1282 306 1308 tionem
330 1280 602 1316 incomparabiliter
623 1279 739 1307 excellit
763 1279 921 1314 dignitate,
944 1281 972 1306 et

194 1327 308 1355 excedit
329 1334 429 1362 opere.
450 1326 530 1354 Unde
549 1326 650 1354 anima
670 1334 722 1361 per
742 1328 888 1353 rationem
910 1333 971 1353 non

194 1374 291 1401 solum
316 1375 407 1401 Deum
434 1381 496 1401 esse
524 1373 693 1407 cognoscit,
721 1373 773 1400 sed
798 1373 886 1400 etiam
909 1373 972 1407 ejus

194 1428 289 1455 capax
303 1419 349 1454 fit,
365 1422 397 1447 nt
416 1422 494 1455 patet
507 1427 560 1455 per
576 1419 785 1454 augustinum,
802 1421 908 1455 quarto
925 1419 973 1446 de-

195 1467 272 1494 cimo
288 1469 316 1494 et
329 1466 432 1502 quinto
455 1466 572 1493 decimo
592 1466 624 1493 cle
648 1468 796 1493 Trz'm'tatc.
826 1468 898 1494 Nam
919 1473 972 1500 per

194 1514 339 1541 rationein
355 1513 455 1540 anima
474 1513 511 1540 de
532 1515 589 1540 ileo
609 1512 782 1547 meditatur,
798 1513 972 1540 meditando

195 1561 428 1596 contemplatur,
456 1561 529 1587 {teus
551 1559 768 1594 contemplatus
789 1562 925 1594 amatur,
946 1563 973 1588 et

194 1615 263 1635 vere
282 1610 397 1635 amatus
417 1606 562 1638 hebetum
584 1606 661 1640 imo,
678 1606 752 1633 sicut
773 1606 842 1633 dicit
863 1609 972 1641 Angus-

194 1654 272 1682 tinus
287 1654 317 1681 in
333 1654 469 1689 originali
487 1663 492 1680 :
513 1664 525 1679 (ι
538 1655 603 1681 niec
619 1657 661 1681 est
676 1654 719 1681 vis
734 1656 844 1681 naturae
866 1653 973 1681 divini-

194 1702 270 1735 tatis,
285 1704 317 1728 ut
335 1703 475 1728 creaturae
489 1701 642 1734 rationali,
661 1701 723 1734 jam
739 1701 852 1727 ratione
868 1700 970 1734 utenti,

194 1756 255 1775 non
270 1748 392 1775 omnino
408 1756 442 1775 ac
458 1748 573 1783 penitus
588 1748 680 1783 possit
695 1747 860 1775 abscondi»
875 1747 972 1774 :unde

197 1797 239 1821 est
253 1802 321 1821 vere
337 1794 446 1828 gradus
461 1794 717 1829 contemplationis
731 1794 815 1820 ratio.

231 1842 355 1874 Quartus
371 1840 492 1875 gradus,
508 1840 671 1867 secundum
686 1849 765 1873 cum,
782 1842 824 1867 est
844 1839 874 1866 in
890 1839 973 1867 intel-

196 1888 282 1915 lectu.
301 1887 464 1914 Intellectus
479 1889 588 1920 autem,
604 1887 769 1913 secundum
785 1894 864 1920 enm,
881 1889 923 1913 est
937 1894 972 1914 ea

196 1935 239 1962 vis
254 1934 372 1968 animm,
389 1941 454 1969 quae
469 1932 628 1960 invisibilla
643 1933 783 1968 percipit,
796 1933 869 1960 sicut
885 1941 973 1967 ange-

195 1981 257 2015 los,
274 1981 403 2008 animam
428 1982 454 2007 et
476 1988 595 2007 omnem
619 1982 750 2007 creatum
771 1979 905 2015 spiritum
920 1990 929 2006 .-
946 1982 973 2008 et

194 2028 235 2055 sic
263 2027 425 2055 intellectus
454 2029 590 2062 acceptus
618 2026 657 2053 ad
691 2026 972 2062 contemplationem

194 2076 387 2110 cooperatur,
407 2074 477 2109 quia
499 2074 638 2108 importat
654 2073 818 2109 qnamdam
838 2073 972 2100 intimam

194 2120 485 2156 contemplationem.
500 2119 605 2147 Dicitur
620 2119 699 2147 euim
715 2119 887 2154 intellectus,
902 2128 973 2155 qna-

195 2168 218 2196 si
234 2168 310 2195 intus
328 2168 429 2202 legens
445 2176 450 2194 :
466 2168 600 2202 penetrat
619 2166 697 2193 enim
713 2174 806 2201 usque
823 2166 860 2193 ad
877 2174 974 2193 essen-

194 2215 266 2242 tiam
288 2214 345 2247 rei,
369 2213 439 2249 quia
463 2213 613 2247 objectum
635 2212 797 2239 intellectus
822 2215 864 2239 cst
887 2213 973 2248 quid-

196 2261 270 2297 quid
296 2262 361 2288 est:
392 2260 474 2295 qnod
498 2259 587 2286 etiam
611 2259 713 2286 asserit
741 2259 936 2294 Philosophus
950 2260 970 2286 ².

195 2307 342 2343 Accipitur
364 2307 451 2333 etiam
473 2306 636 2333 intellectus
657 2307 858 2342 quandoque,
881 2309 912 2334 ut
931 2309 973 2334 est

194 2355 286 2383 virtus
305 2353 527 2388 intellectualis,
547 2353 608 2381 sive
625 2356 656 2381 ut
675 2357 716 2381 est
733 2354 849 2382 habitus
865 2354 972 2390 prinei-

229 2428 236 2444 ἱ
253 2427 381 2457 mebant,
400 2426 430 2449 (Ie
451 2427 604 2455 ΙῆιΙι-ῐιιννΙιἾ
621 2434 642 2451 e.
664 2434 686 2456 v,
706 2428 746 2458 qui
763 2428 828 2452 liber
843 2429 971 2458 lleajmm‘n

196 2464 278 2487 minor
305 2463 381 2492 vulgo
420 2463 572 2487 inscribitur.
597 2476 627 2481 -
651 2464 658 2478 ²
685 2465 769 2494 ,ti-ist„
808 2464 837 2487 dc
864 2465 955 2488 ,insum
966 2483 972 2494 ,

196 2500 238 2523 lib.
255 2500 297 2528 lli,
314 2501 375 2522 text.
392 2500 430 2522 37.
444 2511 474 2515 -—-
492 2499 500 2512 ³
517 2499 551 2522 De
571 2498 639 2529 Spi'r.
661 2500 684 2521 et
706 2500 801 2528 Am'm„
816 2507 838 2524 e.
855 2505 925 2523 xxiv.
941 2514 971 2517 —

196 2536 207 2551 ὅ
221 2536 307 2565 Greg„
323 2534 425 2561 Moe-al..
441 2534 484 2557 lib.
506 2533 523 2564 l,
539 2541 561 2557 c.
581 2540 607 2557 x.
622 2546 652 2551 —
666 2535 675 2550 ⁵
693 2535 726 2557 De
745 2535 813 2565 Spir.
834 2537 856 2557 el
875 2536 970 2564 Amin„

197 2579 219 2595 c.
237 2577 245 2592 x
255 2588 259 2592 .
276 2583 300 2587 v-
313 2571 321 2582 ’ἶ
335 2569 406 2599 lbid.,
417 2577 440 2593 c.
458 2575 558 2593 xxxi'ii.
569 2581 599 2586 —
615 2570 762 2598 ⁷Ri1·liurd.,
775 2571 804 2593 (le
820 2571 971 2600 Conlcmpl..

197 2607 240 2630 iil».
257 2606 276 2635 l,
291 2613 312 2629 c.
330 2612 369 2629 ui.
381 2619 410 2623 —
427 2605 534 2635 (a)C‹1·t.
557 2605 619 2629 edit.
637 2605 845 2630 add.taiitiini.—
862 2606 895 2637 (b)
913 2607 970 2637 Ley.

198 2643 282 2667 etiam.
298 2655 328 2659 —-
351 2644 379 2671 (c)
395 2642 451 2672 Ley.
477 2642 711 2672 supernaturaliter.
729 2642 763 2672 (d)
782 2642 869 2673 Suppl.
893 2643 970 2667 enim.

601 184 652 216 DE
673 183 828 225 SEP'WM
850 193 1074 227 lTlNERlBUS
1097 196 1386 231 AETERNITATIS.
1423 198 1428 206 ⁶

1021 263 1141 298 piorum
1153 265 1344 301 naturalium,
1359 275 1427 303 quae
1440 268 1496 297 sub
1509 269 1622 299 lumine
1635 275 1704 301 sunt
1717 276 1800 304 natu-

1025 305 1088 348 ’Ἓξ-ζ,
1100 312 1128 338 et
1142 310 1183 338 sic
1199 311 1363 340 intellectus
1379 315 1508 343 ostendit
1519 317 1673 346 veritatem
1688 306 1800 348 infalli-

1025 343 1259 407 b¹l¹f³¹²3¹h⁴¹ur
1281 367 1412 396 namque
1435 361 1466 389 in
1489 362 1568 391 libro
1590 364 1624 391 de
1639 365 1750 400 Spiritu
1772 369 1799 395 et

1025 390 1129 417 Amma
1156 410 1168 424 ³
1188 397 1274 441 9⁰⁰⁰
1300 405 1352 442 ‚in
1374 406 1565 437 intellectuali
1586 410 1701 439 visione
1724 420 1799 441 nun-

1025 444 1118 472 quam
1132 436 1244 464 samm
1259 444 1359 489 ΜΨ
1375 446 1382 464 ³
1399 456 1416 464 ⁸
1433 457 1442 471 ⁴
1457 455 1538 483 enim
1552 456 1586 493 (α)
1608 457 1755 494 intelligit,
1770 462 1799 488 et

1025 491 1131 511 verum
1146 486 1204 518 est;
1225 485 1275 511 aut
1296 492 1320 511 sr
1336 491 1442 511 verum
1459 491 1522 511 no„
1541 506 1579 528 *et
1609 512 1671 532 non
1692 505 1798 534 intelli·

1026 529 1068 565 git
1083 538 1114 557 :n
1139 532 1168 558 et
1188 529 1257 558 ideo
1274 530 1439 558 intellectus
1458 530 1500 558 sic
1518 525 1640 566 acce‘pi..
1667 551 1737 580 ‘neit
1753 560 1797 581 as-

1025 578 1144 612 pectum
1160 576 1349 605 manifestum
1367 579 1395 605 et
1416 576 1605 605 infallibilem
1624 577 1702 606 circa
1724 592 1759 614 μ..
1770 608 1780 614 ‚

1026 622 1104 658 cipia
1124 633 1133 650 .·
1149 625 1177 651 et
1194 623 1236 651 sic
1249 625 1386 660 acceptus
1406 623 1569 652 intellectus
1588 625 1678 653 etiam
1697 615 1806 661 coope-

1025 672 1106 698 ratur
1128 670 1168 698 ad
1188 670 1481 706 contemplationem.
1503 671 1650 706 Accipitur
1669 671 1749 700 enim
1768 672 1804 709 (ὁ)

1026 716 1206 752 aliquando..
1216 717 1382 745 intellectus
1411 720 1445 745 ut
1471 720 1513 746 est
1540 718 1655 746 donum
1684 718 1806 754 Spiritus

1025 763 1133 796 sancti,
1150 765 1178 790 et
1195 762 1237 790 sic
1257 763 1422 791 intellectus
1441 765 1485 792 est
1497 764 1617 792 habitus
1635 767 1806 801 supernatu-

1025 809 1098 838 ralis
1114 809 1332 845 principiorum
1350 810 1637 845 supernaturalium,
1654 819 1719 847 quae
1738 813 1807 840 sunt

1026 855 1141 883 articuli
1159 855 1241 890 fidei,
1258 858 1286 883 et
1306 856 1347 883 sic
1362 857 1518 885 nominant
1533 857 1698 893 quamdam
1712 857 1807 886 excel-

1025 902 1146 930 lentiam
1167 902 1359 938 cognitionis,
1374 903 1548 939 penetrandi
1572 904 1612 931 ad
1633 903 1738 932 intima
1756 911 1807 932 co-

1026 949 1246 984 gnoscibilium.
1263 949 1344 977 Unde
1357 950 1529 985 Gregorius,
1544 950 1622 978 libro
1635 951 1733 987 primo
1748 952 1807 978 Μο-

1026 997 1127 1023 ralium
1138 996 1160 1030 ὅ,
1171 995 1242 1024 dicit
1253 1005 1280 1024 z«
1292 996 1456 1024 intellectus
1466 997 1497 1024 in
1508 997 1556 1024 die
1567 1005 1621 1025 suo
1635 997 1807 1026 convivium

1026 1045 1111 1078 parat
1125 1043 1154 1070 in
1170 1045 1268 1072 mente
1279 1065 1286 1077 ‚
1301 1044 1373 1080 quia
1391 1045 1422 1072 in
1442 1052 1477 1072 eo
1498 1045 1581 1080 quod
1601 1045 1703 1073 audita
1716 1053 1807 1082 pene-

1027 1092 1099 1124 trat,
1115 1090 1277 1118 reficiendo
1300 1099 1370 1124 cor,
1393 1091 1528 1119 tenebras
1550 1092 1614 1127 ejus
1633 1092 1767 1120 illustrat.
1790 1103 1803 1118 »

1026 1137 1098 1164 Nam
1113 1136 1214 1164 lumen
1228 1137 1392 1165 intellectus
1411 1137 1452 1165 sic
1471 1141 1642 1174 acceptum,
1658 1138 1698 1166 ita
1711 1146 1742 1166 se
1757 1138 1807 1166 ha—

1026 1183 1077 1210 bet
1099 1183 1138 1210 ad
1162 1184 1319 1219 principia,
1336 1192 1402 1220 quae
1417 1184 1505 1221 nqbis
1519 1184 1691 1213 naturaliter
1709 1185 1742 1221 (c)
1760 1185 1806 1212 in-

1027 1233 1198 1264 notescunt,
1213 1231 1289 1259 sicut
1302 1239 1332 1258 se
1348 1231 1438 1259 habet
1452 1231 1554 1259 lumen
1568 1231 1703 1259 naturale
1717 1231 1757 1259 ad
1771 1240 1807 1259 ea

1027 1276 1173 1312 principia
1190 1298 1197 1311 ‚
1228 1286 1295 1313 quae
1324 1277 1556 1313 primordialiter
1587 1278 1804 1313 cognoscimus

1028 1323 1085 1351 Sed
1100 1324 1174 1350 sicut
1187 1323 1288 1351 lumen
1303 1324 1438 1351 naturale
1459 1324 1652 1353 infallibiliter
1672 1325 1807 1353 veritates

1027 1370 1243 1406 principiorum
1262 1371 1411 1398 naturales
1433 1371 1575 1406 ostendit3
1597 1372 1636 1399 ita
1651 1373 1679 1399 et
1693 1372 1806 1400 donum

1028 1417 1192 1444 intellectus
1207 1418 1446 1454 supernaturales
1460 1418 1597 1446 veritates
1614 1418 1808 1447 infallibiliter

1028 1464 1165 1491 ostendit.
1181 1464 1262 1492 Unde
1277 1464 1442 1492 intellectus
1457 1465 1498 1493 sic
1511 1468 1647 1501 acceptus
1663 1468 1705 1493 est
1720 1473 1808 1493 verus

1029 1514 1056 1538 ct
1075 1511 1257 1538 necessarius
1273 1511 1531 1547 contemplationis
1545 1512 1666 1547 gradus.

1065 1558 1188 1591 Quintus
1207 1558 1318 1591 gradus
1338 1559 1519 1586 ascendendi
1542 1559 1581 1587 ad
1603 1562 1730 1593 aeterna,
1744 1559 1806 1587 sive
1836 1571 1919 1593 inieni-

1030 1604 1267 1640 contemplandi‚
1277 1606 1440 1632 secundum
1452 1613 1531 1639 eum,
1541 1607 1583 1633 est
1594 1605 1785 1641 intelligentia
1799 1616 1806 1634 ε
1841 1604 1916 1638 gestia

1033 1662 1045 1676 «
1069 1654 1115 1679 Est
1130 1655 1227 1679 autern
1250 1652 1442 1686 intelligentia
1456 1674 1463 1685 ‚
1479 1656 1511 1680 ut
1532 1653 1645 1681 ibidem
1660 1654 1670 1669 ⁵
1683 1653 1807 1688 dicitur,

1029 1706 1063 1726 ea
1077 1699 1122 1725 vis
1137 1699 1258 1732 animm,
1274 1708 1340 1734 quae
1351 1700 1522 1727 immediate
1538 1700 1715 1735 supponitur
1731 1701 1806 1733 Deo,

1029 1747 1119 1773 cernit
1139 1746 1249 1781 quippe
1276 1747 1373 1782 ipsum
1394 1754 1567 1781 supremum
1588 1755 1693 1774 verum
1714 1749 1742 1774 et
1765 1746 1808 1773 in-

1029 1793 1249 1820 commutabile.
1269 1794 1299 1820 Et
1315 1792 1391 1820 int'ra
1405 1792 1475 1820 dicit
1489 1792 1529 1819 sic
1544 1794 1553 1810 Β
1571 1802 1577 1820 :
1596 1793 1809 1828 «tutelligentia

1029 1845 1071 1870 cst
1095 1843 1138 1868 vis
1163 1842 1287 1875 aninioe,
1303 1850 1363 1877 qua
1387 1841 1424 1868 de
1449 1842 1575 1875 divinis,
1592 1844 1738 1878 quantum
1756 1842 1809 1869 ho-

1029 1889 1101 1916 miui
1113 1889 1254 1925 possibile
1270 1891 1322 1922 est,
1334 1889 1530 1923 cognoscitur.
1544 1899 1557 1914 ii
1572 1889 1616 1917 Ad
1627 1890 1754 1917 coelestia
1769 1889 1808 1926 (d)

1029 1944 1136 1964 arcana
1158 1935 1340 1971 penetranda
1353 1935 1407 1970 (e),
1423 1944 1508 1971 quae,
1530 1938 1562 1963 ut
1585 1936 1656 1964 dicit
1675 1937 1807 1972 Boetius,

1029 1991 1194 2018 pancorum
1216 1985 1258 2010 est
1280 1983 1446 2010 hominum.
1471 1984 1509 2010 Ex
1531 1991 1593 2018 quo
1623 1986 1702 2018 patet
1725 1983 1809 2019 quod

1029 2029 1220 2064 intelligentia
1233 2029 1349 2057 excellit
1363 2030 1508 2057 rationem
1522 2030 1556 2065 (f)
1569 2029 1599 2057 in
1613 2038 1667 2057 sua
1682 2030 1808 2065 actione,

1030 2079 1057 2103 ct
1082 2077 1119 2104 ab
1144 2085 1179 2104 ea
1200 2076 1311 2108 differt,
1332 2079 1359 2104 ct
1374 2076 1456 2112 quod
1472 2078 1513 2103 est
1527 2076 1683 2111 perfectior
1697 2077 1808 2111 gradus

1030 2123 1295 2159 contemplationis.
1309 2122 1393 2156 Quod
1407 2123 1495 2149 etiam
1511 2122 1674 2150 Richardus
1687 2123 1805 2151 videtur

1030 2171 1135 2197 sentire
1145 2191 1154 2203 ,
1168 2170 1269 2197 dicens
1280 2171 1289 2186 7
1303 2179 1308 2196 :
1325 2180 1337 2193 u
1353 2171 1404 2197 Per
1417 2169 1642 2204 intelligentiam
1657 2170 1806 2206 siquidem

1030 2217 1111 2244 sinus
1127 2218 1232 2244 mentis
1248 2217 1277 2243 in
1297 2217 1474 2244 immensum
1501 2216 1679 2250 extenditur,
1697 2219 1724 2245 ct
1738 2224 1807 2244 con-

1030 2263 1198 2298 templantis
1213 2263 1304 2290 animi
1319 2262 1396 2290 acies
1412 2262 1542 2296 acuitur,
1557 2264 1588 2290 ut
1603 2271 1697 2298 capax
1719 2263 1754 2290 sit
1768 2263 1807 2290 ad

1030 2310 1227 2343 intelligibilia
1242 2308 1541 2344 comprehendenda,
1558 2312 1583 2337 et
1599 2310 1755 2345 perspicax
1767 2309 1806 2336 ad

1031 2356 1151 2384 subtilia
1165 2356 1358 2392 penetranda.
1375 2357 1407 2383 Et
1425 2364 1580 2391 nunquam
1595 2355 1805 2391 contemplatio

1029 2442 1058 2446 —-
1089 2428 1124 2458 (e)
1155 2427 1242 2458 Sitmsl.
1262 2428 1326 2451 intio
1347 2435 1391 2458 pei·
1415 2435 1441 2450 se
1461 2435 1511 2451 non
1532 2427 1632 2457 sufficit,
1653 2427 1701 2451 nisi
1716 2434 1731 2451 a
1754 2428 1805 2451 lieo

1029 2464 1115 2493 adjuta
1137 2464 1221 2487 sueiit.
1249 2465 1318 2487 'l'uuc
1343 2464 1398 2486 tini<
1429 2462 1491 2493 ejus.
1521 2464 1540 2486 si
1566 2463 1630 2486 benc
1655 2463 1732 2493 vient,
1747 2470 1804 2487 cuin

1030 2500 1058 2523 ῑιιΙ
1080 2500 1195 2523 notitiam
1213 2502 1383 2524 secretorum,
1405 2507 1461 2530 qum
1477 2499 1519 2522 diu
1540 2498 1717 2528 investigando
1737 2506 1806 2530 quae-

1029 2535 1100 2565 sivit,
1123 2535 1280 2565 pervenerit,
1304 2535 1446 2558 intellectus
1476 2541 1520 2558 scu
1547 2534 1715 2564 intelligentia
1744 2541 1805 2558 nun<

1029 2574 1142 2600 cupatur.
1159 2570 1261 2594 noemi<
1276 2572 1359 2593 tamen
1375 2570 1435 2593 dii-it
1451 2569 1642 2598 intelligentiam
1662 2570 1741 2593 solius
1761 2570 1805 2594 Dei

1029 2614 1083 2629 esse
1106 2609 1131 2629 et
1145 2606 1282 2629 admodum
1306 2612 1445 2636 paucorum
1469 2604 1609 2628 hominum.
1631 2618 1661 2622 —
1686 2606 1722 2635 (f)
1743 2605 1803 2630 Coet.

1029 2642 1088 2666 edit.
1110 2641 1276 2666 intellectum.

1846 1635 1907 1661 quid.
