2004 3037
890 231 1020 266 CAPUT
1041 231 1119 264 LIV.

455 307 598 343 CAPUT
620 306 707 342 LIV.

336 383 375 410 De
393 381 496 410 astutia
515 383 539 409 et
557 380 710 408 calliditate
727 379 812 407 mala.

229 445 360 475 Primum
387 444 562 479 magistrum
594 442 706 471 astutiae
743 442 772 470 61
806 440 975 470 calliditatis

192 494 272 530 patet
282 492 371 521 fuisse
387 490 544 519 diabolum
556 490 586 518 in
601 490 748 526 serpente,
762 489 814 525 qui
829 496 898 516 cum
913 489 974 517 cal-

192 540 283 569 lidior
301 539 377 567 esset
399 537 510 567 cunctis
528 537 730 566 animantibus
740 557 750 572 ,
764 536 894 573 primam
908 544 975 564 mu-

193 587 298 616 lierem
316 584 452 613 seduxit:
473 592 536 612 non
551 584 631 612 enim
649 583 746 612 voluit
768 583 892 618 aggredi
912 582 975 619 pri-

192 641 278 662 mum
294 631 470 667 hominem,
491 639 583 668 quem
606 631 718 660 sciebat
737 630 846 666 maJ‘ori
866 630 975 659 discre-

192 680 273 710 tione
288 679 435 708 dotatum.
452 678 532 713 Gen„
546 685 589 706 111.

227 726 391 756 Μο110116115
402 726 498 754 voluit
509 725 611 754 Laban
626 725 768 754 seducere
779 725 871 754 Jacob
884 731 976 761 nepo-

192 777 252 804 tem
265 782 372 809 suum,
387 773 481 802 modo
496 773 528 801 in
543 781 648 808 uxore,
663 772 758 800 modo
773 772 805 800 in
819 771 957 800 mercede
967 792 976 806 ‚

194 822 274 856 Gen.,
297 829 366 850 xxix
392 822 420 849 et
445 828 520 856 xxx;
539 829 553 847 «
578 820 632 848 sed
651 819 793 848 Dominus
816 819 846 847 in
869 818 976 847 fraude

193 868 489 898 circumvenientium
503 867 547 895 illi
562 867 655 895 affuit.
669 877 683 894 1)
701 867 779 902 Sap„
794 874 823 900 x,
841 868 884 894 13.

230 918 303 945 Cum
317 917 496 944 scrutaretur
513 915 614 943 Laban
633 914 847 951 supellectilem
861 913 953 941 Jacob
966 934 975 948 ,

194 966 222 993 et
241 964 355 993 veniret
373 963 413 991 ad
431 963 592 991 tentorium
611 961 742 995 Rachel,
763 961 815 989 1116
835 960 977 989 sollicitu-

195 1011 297 1040 dinem
312 1010 468 1046 quaerentis
481 1010 573 1038 astute
589 1008 704 1037 delusit.
723 1008 802 1042 Gen„
817 1016 898 1036 xxx1.

230 1058 386 1086 Saevientes
401 1057 441 1085 ob
465 1058 602 1093 stuprum
622 1055 734 1083 sororis
755 1063 815 1083 suae
831 1055 909 1082 Dinae
922 1054 977 1082 filii

193 1105 302 1140 Jacob,
333 1104 440 1132 callide
469 1104 626 1131 suaserunt
654 1103 771 1131 Sichem
800 1105 828 1130 et
853 1102 978 1131 civitatis

193 1153 342 1190 populum
365 1151 556 1186 circumcidi3
577 1158 638 1187 quo
659 1150 756 1183 facto,
776 1149 926 1178 irruerunt
946 1150 977 1178 in

194 1209 255 1236 eos,
273 1202 300 1228 et
312 1199 436 1227 faciliter
450 1198 631 1227 occiderunt.
648 1198 726 1232 Gen.,
741 1205 838 1225 xxxiv.

230 1247 293 1276 Filii
307 1247 399 1275 Jacob
414 1246 573 1274 voluerunt
588 1245 725 1281 decipere
740 1253 829 1279 eum,
852 1244 976 1281 quando

194 1296 344 1324 tinxerunt
364 1294 497 1322 tunicam
518 1293 628 1329 Joseph
655 1293 686 1320 in
707 1291 852 1327 sanguine
875 1291 977 1328 hoedi,

194 1343 357 1378 mittentes,
380 1342 432 1378 qui
455 1341 565 1369 diceret
588 1341 632 1368 ei:
652 1349 666 1366 «
686 1341 766 1367 Hanc
788 1339 978 1374 invenimus,

196 1390 265 1418 vide
280 1391 382 1417 utrum
400 1388 500 1417 tunica
519 1387 574 1416 filii
592 1387 635 1415 tui
650 1387 702 1422 sit,
718 1394 757 1414 an
779 1394 852 1414 non.
867 1396 881 1413 »
897 1387 977 1422 Gen„

195 1445 307 1472 xxxvn,
323 1438 367 1465 32.

231 1485 366 1513 Diversas
401 1482 580 1519 excogitavit
613 1481 734 1509 astutias
774 1480 888 1509 Pharao
926 1489 979 1508 rex

195 1531 313 1568 AEgypti
329 1531 368 1559 ad
388 1531 463 1566 hoc,
482 1532 515 1558 ut
536 1529 615 1557 filios
634 1528 722 1557 Israel
742 1527 872 1556 totaliter
892 1529 980 1556 extir-

195 1580 289 1616 paret,
306 1578 407 1612 Emod„
419 1586 428 1606 1
441 1586 447 1605 :
463 1577 503 1605 ad
516 1577 575 1604 hoc
589 1577 688 1610 etiam,
699 1577 731 1603 ut
746 1583 796 1603 eos
808 1575 840 1602 in
853 1576 980 1611 AEgypto

195 1626 354 1660 retineret,
385 1626 412 1653 et
440 1624 611 1652 nullatenus
638 1622 778 1651 recedere
804 1624 956 1659 pateretur
971 1643 980 1658 ,

196 1673 298 1708 Eoeod.,
314 1680 342 1701 v.

232 1719 354 1748 Malefici
379 1718 558 1753 Pharaonis,
579 1719 725 1754 quantum
747 1717 787 1745 ad
811 1717 872 1745 duo
896 1717 982 1752 signa

195 1766 304 1803 prima,
329 1766 463 1794 fecerunt
484 1773 538 1801 per
562 1765 778 1793 incantationes
803 1772 882 1799 suas,
908 1764 983 1792 sicut

195 1814 305 1842 fecerat
318 1814 443 1849 Moyses.
461 1812 563 1846 Emod„
578 1819 619 1840 vi.

233 1860 374 1888 Malitiose
389 1859 481 1887 locuti
496 1861 563 1887 sunt
581 1861 653 1887 Core
677 1861 704 1887 et
724 1859 885 1895 complices
901 1859 982 1894 ejus,

198 1907 321 1944 quando
337 1908 477 1935 steterunt
498 1908 602 1934 eontra
619 1908 740 1942 Moysen
761 1908 788 1933 et
802 1908 918 1941 Aaron,
937 1906 982 1934 di-

198 1957 315 1982 centes:
331 1963 344 1980 1(
359 1954 490 1981 Sufficiat
503 1953 607 1988 vobis,
624 1953 695 1989 quia
710 1953 807 1980 omnis
822 1953 982 1981 multitudo

198 2003 370 2030 sanctorum
385 2002 438 2035 est,
453 2002 479 2027 et
495 2000 525 2027 in
540 1999 611 2035 ipsis
630 2001 672 2027 051
686 2000 842 2034 Dominus3
859 2008 911 2027 cur
926 1999 984 2027 ele-

197 2048 311 2078 vamini
326 2056 416 2084 super
435 2047 585 2083 populum
601 2046 740 2074 Domini?
754 2047 849 2081 Num„
872 2055 939 2081 xvr,
955 2048 981 2074 3.

236 2095 343 2123 videns
364 2094 449 2122 Baiae
477 2102 530 2122 rex
559 2093 772 2127 Moabitarum,
799 2094 882 2129 quod
904 2093 985 2122 sorti-

199 2143 302 2171 tudine
323 2141 401 2170 filios
420 2140 509 2169 lsrael
527 2149 589 2168 non
607 2142 724 2176 poterat
737 2141 872 2175 vincere,
890 2141 986 2169 voluit

199 2198 251 2218 605
266 2197 406 2225 superare
420 2188 631 2216 maledictione
646 2187 778 2215 Balaam.
796 2189 879 2216 Num.
889 2209 898 2222 ,
911 2196 982 2216 xxii.

235 2236 421 2269 Gabaonitae,
437 2235 592 2263 audientes
610 2243 676 2270 quee
691 2235 798 2262 fecerat
811 2236 898 2262 Josue
913 2235 984 2262 Jeri-

200 2284 256 2312 cho
286 2284 314 2311 et
344 2282 394 2311 Hai
405 2304 414 2318 ,
443 2282 550 2310 callide
579 2282 801 2317 cogitaverunt,
829 2282 984 2318 quomodo

200 2332 320 2367 possent
343 2330 383 2358 ita
407 2329 520 2365 facere,
548 2329 633 2366 quod
663 2337 726 2357 non
753 2328 881 2358 totaliter
907 2328 986 2357 dele-

201 2380 311 2406 rentur.
326 2378 398 2411 Jos„
413 2385 455 2404 ix.

238 2426 383 2454 Caverant
396 2423 566 2459 Philistum,
582 2431 620 2452 ne
635 2424 713 2452 fabri
726 2424 840 2453 ferrarii
856 2425 888 2452 in
902 2425 985 2453 omni

203 2475 280 2501 terra
294 2472 381 2501 Israel
396 2471 618 2505 invenirentur,
636 2479 674 2499 ne
693 2471 768 2500 forte
783 2472 895 2500 Hebraei
910 2472 985 2501 face-

203 2521 268 2548 rent
282 2519 429 2554 gladium,
438 2518 488 2546 vel
501 2518 649 2546 lanceam.
663 2519 673 2546 Ι
687 2519 764 2554 Req„
778 2527 840 2547 xm.

240 2565 310 2594 Saul
324 2565 461 2594 invidens
476 2564 644 2601 proficienti
660 2566 767 2600 David,
784 2566 858 2594 dixit
871 2566 909 2594 de
923 2566 986 2596 filla

206 2620 260 2640 sua
274 2612 389 2648 Miehol,
400 2620 493 2649 quam
508 2611 601 2640 David
615 2612 724 2640 habere
735 2613 870 2641 volebat:
882 2614 985 2642 «Dabo

207 2668 271 2688 eam
292 2660 346 2695 illi,
368 2662 400 2688 ut
420 2661 473 2688 fiat
496 2659 522 2687 ei
542 2659 573 2686 in
596 2660 784 2697 scandalum,
799 2664 827 2690 et
847 2661 883 2690 sit
897 2670 987 2698 super

208 2717 278 2737 eum
292 2716 398 2737 manus
410 2708 641 2737 Philistinorum.
658 2718 671 2735 »
689 2709 763 2738 Dixit
777 2718 848 2746 ergo
864 2710 932 2738 Saul
947 2710 986 2738 ad

1757 227 1817 258 553

1032 298 1126 329 David
1150 307 1157 327 :
1183 308 1197 325 «ι
1220 299 1252 328 10
1276 297 1395 326 duabus
1415 296 1507 326 rebus
1534 295 1591 326 eris
1615 302 1708 333 gener
1731 302 1818 324 meus

1032 347 1136 382 hodie,
1151 357 1165 373 »
1183 348 1238 375 etc.
1251 347 1262 375 1
1276 347 1352 382 Req„
1363 353 1436 375 xvm
1444 367 1453 382 ‚
1468 346 1514 374 21.

1068 397 1122 424 Per
1148 402 1292 430 magnam
1319 393 1458 422 astutiam
1479 391 1576 421 voluit
1598 391 1693 421 David
1720 391 1817 421 celare

1032 442 1221 479 iniquitatem
1239 449 1325 470 suam
1331 462 1341 477 ‚
1364 440 1489 477 quando
1509 439 1589 468 misit
1608 447 1665 476 pro
1687 438 1771 475 Uria,
1784 439 1818 468 ut

1033 489 1177 519 dormiret
1191 496 1262 517 cum
1274 496 1369 517 uxore
1384 495 1449 516 sua.
1466 487 1566 522 lRe9.‚
1582 494 1624 515 111.

1068 536 1233 566 Nefandam
1255 535 1444 572 iniquitatem
1465 533 1566 563 docuit
1586 535 1704 562 Amnon
1720 532 1819 561 filium

1034 584 1128 613 David
1138 583 1254 613 Joadab
1268 583 1347 611 filius
1362 583 1489 616 8611066,
1505 580 1629 617 quando
1645 579 1719 609 dixit
1733 579 1771 615 ei,
1785 581 1819 608 ut

1032 631 1211 667 languorem
1231 630 1401 664 simularet,
1424 630 1452 657 et
1475 628 1517 656 sic
1536 627 1664 656 Thamar
1683 634 1819 656 sororem

1033 678 1186 713 Absalom,
1202 678 1240 706 de
1254 686 1314 714 qua
1324 676 1505 712 tentabatur,
1519 675 1619 704 salvus
1628 674 1740 704 habere
1750 682 1818 711 pos-

1033 727 1086 755 set.
1101 727 1124 754 11
1137 726 1216 761 Req„
1231 732 1294 760 xm,
1307 725 1335 752 5.

1069 774 1143 802 Cum
1156 773 1247 801 vellet
1258 771 1401 801 Absalom
1412 770 1566 799 vindicare
1580 768 1723 805 injuriam
1736 776 1819 798 soro-

1033 821 1074 849 ris
1088 828 1168 855 suae,
1185 827 1277 856 quam
1296 819 1485 855 oppresserat
1498 819 1617 845 Amnon
1631 815 1721 844 frater
1739 815 1817 852 ejus,

1033 867 1101 896 fecit
1112 867 1213 904 parari
1227 866 1341 902 grande
1357 864 1540 899 convivium,
1553 865 1581 892 et
1594 863 1717 891 fratrem
1730 870 1819 891 suum

1033 914 1185 949 invitavit,
1207 915 1235 942 et
1253 913 1327 942 dum
1341 912 1527 946 comederet,
1543 919 1613 939 eum
1627 910 1724 939 occidi
1741 909 1818 939 fecit.

1035 965 1056 992 11
1071 964 1150 998 Req„
1165 969 1228 997 xm,
1245 963 1291 989 27.

1069 1009 1210 1040 Ambiens
1226 1007 1368 1037 Absalom
1380 1015 1509 1043 regnum
1520 1005 1623 1043 patris,
1637 1006 1726 1042 coepit
1736 1004 1823 1034 mali—

1035 1057 1108 1086 tiose
1120 1056 1235 1094 populo
1250 1055 1379 1090 adulari,
1396 1056 1424 1083 et
1437 1055 1515 1082 facta
1529 1053 1621 1090 patris
1637 1052 1820 1088 vituperans,

1035 1105 1168 1141 seipsum
1183 1104 1260 1131 bene
1269 1103 1473 1139 judicaturum
1485 1100 1627 1136 jactabat.
1643 1101 1665 1129 11
1679 1101 1758 1135 Rea„
1771 1107 1821 1128 xv.

1074 1151 1148 1179 Dixit
1161 1151 1323 1179 Jeroboam
1345 1149 1375 1177 in
1391 1149 1481 1177 corde
1498 1156 1553 1176 suo
1570 1156 1578 1176 ι
1596 1157 1611 1174 «
1626 1149 1709 1175 Nunc
1723 1154 1822 1175 rever-

1035 1200 1111 1227 tetur
1129 1206 1257 1234 regnum
1280 1197 1317 1225 ad
1337 1197 1463 1225 domum
1481 1195 1593 1230 David,
1609 1194 1633 1222 si
1656 1194 1822 1223 ascenderit

1035 1246 1164 1282 populus
1178 1246 1247 1279 iste,
1264 1246 1297 1272 ut
1315 1244 1405 1272 iaciat
1419 1242 1599 1271 sacrificium
1612 1242 1644 1270 in
1659 1241 1752 1269 domo
1767 1242 1823 1269 Do-

1035 1292 1110 1321 mini
1133 1293 1165 1320 in
1187 1291 1361 1320 Jerusalem.
1387 1300 1401 1317 11
1428 1291 1462 1318 Ε1
1486 1289 1652 1325 excogitato
1677 1288 1803 1317 consilio
1812 1308 1822 1323 ,

1035 1340 1103 1369 fecit
1121 1339 1197 1368 duos
1209 1339 1319 1367 vitulos
1332 1345 1451 1373 aureos,
1466 1338 1521 1365 etc.
1537 1338 1571 1365 111
1589 1337 1666 1371 1169.,
1681 1343 1731 1364 x11.

1072 1387 1174 1416 Achab
1202 1394 1257 1415 rex
1283 1386 1373 1414 Israel
1400 1384 1475 1412 dixit
1502 1383 1643 1420 quaedam
1672 1381 1824 1418 generalla

1036 1435 1130 1464 verba
1145 1434 1256 1463 nuntiis
1271 1433 1413 1462 Benadad
1433 1432 1512 1468 regis
1527 1432 1627 1469 Syriae,
1643 1439 1714 1459 suos
1730 1432 1758 1459 et
1771 1438 1824 1459 sua

1037 1482 1200 1510 liberaliter
1219 1480 1391 1514 offerendo,
1409 1488 1446 1508 ex
1462 1480 1572 1516 quibus
1591 1479 1641 1507 ille
1660 1480 1753 1507 astute
1771 1486 1825 1506 vo-

1037 1530 1091 1558 luit
1115 1538 1184 1557 eum
1210 1536 1335 1564 gravare
1362 1527 1451 1555 nimis
1475 1527 1515 1555 ad
1538 1526 1679 1563 specialia
1703 1526 1824 1553 descen-

1038 1576 1155 1610 dendo,
1178 1577 1211 1604 lv
1226 1577 1309 1611 Rea„
1331 1583 1382 1602 xx.

1075 1623 1233 1652 sedechias
1244 1623 1323 1650 filius
1334 1623 1481 1657 Canaam,
1496 1620 1643 1657 propheta
1657 1620 1742 1653 Baal,
1757 1620 1825 1648 fecit

1037 1672 1095 1700 sibi
1105 1679 1218 1699 cornua
1227 1671 1334 1706 ferrea,
1341 1670 1426 1706 quasi
1436 1671 1510 1697 esset
1519 1677 1607 1696 verus
1615 1668 1772 1704 propheta,
1783 1668 1825 1695 di-

1038 1727 1107 1747 cens
1121 1719 1183 1754 regi
1195 1718 1295 1746 Achab
1304 1726 1310 1745 :
1318 1727 1332 1743 u
1342 1718 1406 1745 Haec
1418 1716 1490 1744 dicit
1500 1715 1653 1750 Dominus,
1661 1715 1696 1743 iis
1705 1715 1826 1744 ventila-

1038 1767 1086 1795 bis
1099 1766 1226 1802 Syriam,
1239 1765 1336 1793 donec
1345 1764 1445 1792 deleas
1460 1772 1537 1792 eam.
1551 1774 1565 1790 »
1578 1763 1710 1791 Tandem
1722 1763 1826 1791 fefellit

1039 1823 1118 1849 eum,
1132 1815 1158 1841 et
1172 1812 1368 1841 feciteum-ire
1380 1812 1419 1840 ad
1428 1811 1552 1839 bellum.
1566 1813 1599 1839 lv
1609 1812 1686 1845 Req„
1699 1818 1768 1845 xxn,
1780 1812 1824 1838 11.

1075 1863 1201 1889 Currens
1220 1859 1297 1887 Giezi
1310 1861 1379 1895 post
1397 1860 1540 1893 Naaman,
1557 1857 1664 1886 callide
1681 1857 1827 1885 coloravit

1039 1907 1214 1945 petitionem
1226 1915 1321 1939 suam,
1341 1906 1465 1942 quando
1481 1905 1572 1933 dixit:
1590 1904 1731 1933 Dominus
1742 1913 1827 1932 meus

1039 1955 1117 1983 misit
1132 1963 1180 1982 me
1191 1954 1230 1982 ad
1244 1956 1270 1982 te
1287 1954 1388 1981 dicens
1403 1963 1409 1981 ε
1427 1953 1542 1982 «Modo
1558 1955 1706 1981 venerunt
1720 1952 1760 1980 ad
1779 1961 1827 1980 me

1040 2003 1100 2030 duo
1121 2002 1326 2030 adolescentes
1349 2001 1386 2029 de
1405 2001 1473 2028 filiis
1488 2001 1721 2037 prophetarum,
1737 2010 1750 2026 1)
1770 2001 1825 2027 610.

1040 2051 1073 2079 lv
1088 2051 1166 2084 Rea„
1182 2057 1210 2084 v,
1221 2050 1267 2076 2⁶2.

1074 2096 1221 2124 Scelerata
1239 2095 1356 2124 Jezabel
1380 2095 1494 2123 crudeli
1519 2095 1625 2123 astutia
1646 2103 1700 2123 usa
1722 2096 1764 2122 est
1788 2095 1828 2123 ad

1039 2145 1114 2179 hoc,
1138 2146 1170 2172 ut
1193 2144 1314 2172 vineam
1340 2144 1457 2172 Naboth
1482 2144 1649 2180 acquireret
1668 2143 1734 2172 viro
1760 2151 1826 2172 suo.

1039 2193 1072 2220 111
1087 2193 1164 2226 Rea,
1180 2199 1241 2219 xxr.

1075 2238 1206 2274 Athana,
1227 2239 1322 2266 mater
1348 2237 1481 2267 ochoziae
1505 2237 1583 2273 regis
1608 2239 1621 2265 J
1626 2237 1700 2272 uda,
1721 2237 1828 2265 videns

1040 2287 1193 2313 mortuum
1207 2285 1315 2319 filium,
1327 2284 1472 2313 interfecit
1482 2292 1570 2312 omne
1581 2292 1684 2312 semen
1696 2284 1826 2319 regium,

1041 2334 1068 2360 et
1082 2332 1123 2360 sic
1142 2332 1278 2368 regnavit
1292 2340 1382 2369 super
1396 2334 1506 2360 terram
1520 2340 1572 2360 sex
1587 2332 1684 2360 annis.
1702 2333 1735 2360 lv
1750 2333 1826 2367 Req„

1040 2387 1082 2408 xi.

1075 2427 1266 2463 Loquebatur
1286 2426 1347 2455 alta
1366 2436 1440 2456 voce
1464 2428 1611 2456 Rabsaces
1627 2426 1739 2455 nuntiis
1755 2426 1824 2454 Sen-

1041 2474 1183 2502 nacherib
1199 2474 1278 2509 regis
1297 2474 1501 2511 Assyriorum,
1517 2477 1548 2502 ut
1567 2474 1685 2502 audiret
1701 2481 1785 2507 eum,
1801 2475 1829 2501 ct

1041 2522 1154 2550 tImeret
1168 2521 1310 2558 populuS,
1324 2522 1374 2558 qui
1386 2524 1448 2550 erat
1458 2530 1548 2558 super
1559 2528 1691 2549 murum.
1706 2521 1739 2548 lV
1750 2522 1827 2555 Req„

1042 2575 1123 2596 xvm.

1079 2616 1153 2642 Dum
1168 2615 1242 2643 Abia
1261 2623 1313 2643 rex
1327 2616 1404 2644 luda
1418 2616 1581 2644 exercitum
1602 2622 1689 2642 suum
1710 2613 1828 2642 confor-

1041 2663 1116 2690 taret
1135 2664 1163 2690 et
1177 2662 1365 2690 adversarios
1387 2663 1564 2698 increparet,
1589 2661 1751 2690 Jeroboam
1775 2669 1828 2689 rex

1042 2709 1131 2738 lsrael
1157 2712 1234 2737 retro
1262 2709 1442 2737 moliebatur
1472 2709 1612 2744 insidias,
1635 2716 1765 2745 cumque
1790 2716 1826 2736 ex
