2004 3037
848 195 977 230 CAPUT
999 197 1161 230 LXXXIII.

193 266 225 296 in
237 269 340 296 monte
354 266 476 303 salvari,
490 275 528 296 ne
541 267 617 296 forte
631 265 836 303 apprehendat
849 273 898 294 me
910 273 974 294 ma-

192 314 270 350 lum,
287 324 302 342 n
323 316 392 351 ete„
413 314 494 350 Gen„
503 322 573 351 xtx;
589 316 618 343 et
630 315 702 342 tunc
715 313 802 350 pejus
816 313 843 341 ei
858 312 974 342 accidit.

229 361 368 390 Videntes
381 361 436 390 filii
449 362 540 391 lsrael
553 360 706 398 AEgyptios
724 361 793 397 post
806 368 854 395 se,
869 360 977 389 timue-

193 411 263 438 runt
286 408 388 444 valde,
408 409 478 438 licet
496 409 641 438 vidissent
664 409 708 436 tot
730 407 881 436 mirabilia
900 407 978 436 facta

195 463 251 493 pro
263 456 305 484 eis
319 457 464 492 potestate
480 456 594 484 divina.
609 455 711 491 Exod„
727 463 786 484 xlv.

232 504 383 540 Loquente
399 502 525 531 Domino
547 502 640 539 Moysi
660 502 692 530 in
710 503 830 537 monte,
848 501 979 538 populus

197 550 340 578 audiebat
350 558 451 585 voces,
469 549 627 586 lampades
645 551 673 578 et
689 549 819 577 sonitum
834 549 978 585 buccinae,

196 598 391 634 montemque
402 597 585 632 fumantem;
601 598 628 625 et
641 596 802 633 perterriti,
818 604 852 625 ac
866 604 979 633 pavore

196 644 348 680 percussi,
377 645 517 672 steterunt
544 643 672 680 procul,
704 643 835 672 dicentes
862 643 954 680 Moysi
971 652 978 671 :

199 700 214 717 α
228 691 362 727 Loquere
373 692 405 719 tu
418 690 519 726 nobis,
535 693 564 719 et
575 690 733 719 audiemus
741 700 749 725 3
762 698 824 718 non
839 690 981 726 loquatur

197 737 287 766 nobis
301 738 453 773 Dominus,
465 745 503 766 ne
512 737 588 766 forte
597 737 773 766 moriamur.
789 747 803 765 1³
815 738 916 773 Emod„
927 745 979 766 xx.

233 784 386 812 Relatione
400 784 478 813 facta
501 784 539 813 de
560 785 732 814 conditione
750 787 835 813 terrae
851 785 981 821 promis-

198 831 308 866 sionis,
331 831 415 868 quod
437 831 570 861 habebat
587 831 714 860 cultores
735 832 911 860 fortissimos
924 852 931 865 ,
955 834 983 861 et

199 879 290 908 urbes
304 879 434 915 grandes
448 882 538 917 atque
553 881 685 908 muratas
694 889 702 915 ;
719 880 858 908 dixerunt
879 880 924 908 illi
945 880 982 909 de

199 926 316 962 populo
333 936 339 954 :
358 927 499 956 «Utinam
514 927 624 955 mortui
638 935 768 955 essemus
780 927 810 955 in
820 929 981 963 AEgypto,»

200 974 297 1008 Num„
311 981 364 1002 xm
379 976 407 1002 et
422 982 492 1009 xw3
508 976 536 1002 et
549 974 689 1002 dixerunt
704 983 711 1002 ε
731 984 745 1000 α
759 974 857 1002 Nuntii
871 976 984 1003 terrue-

200 1022 270 1049 runt
283 1029 351 1057 005,
364 1031 378 1048 »
397 1021 472 1049 sicut
485 1021 604 1057 dicitur,
620 1023 713 1057 Deut„
729 1029 748 1050 1.

236 1068 346 1096 Videns
360 1069 468 1097 Balach
482 1076 535 1097 rex
551 1069 637 1097 Moab
653 1069 756 1097 omnia
772 1077 838 1105 quae
856 1069 987 1098 fecerant

200 1115 255 1144 filii
275 1115 364 1144 lsrael
378 1116 566 1150 Amorrhaeo,
583 1117 610 1144 et
625 1116 708 1152 quod
730 1116 875 1144 timuisset
890 1125 986 1152 popu-

168 1163 171 1167 “
200 1162 248 1191 1115
262 1163 336 1199 ejus,
347 1163 416 1199 plus
426 1163 557 1191 confisus
571 1163 603 1191 in
612 1163 723 1198 verbis,
735 1171 829 1200 quam
839 1164 870 1191 in
885 1164 985 1200 armis,

202 1210 323 1238 nuntios
343 1210 423 1238 misit
442 1210 483 1238 ad
505 1210 637 1246 Balaam,
653 1212 687 1238 ut
708 1211 823 1239 veniret
845 1213 873 1239 et
893 1211 987 1240 male-

204 1256 314 1285 diceret
327 1257 396 1285 filiis
407 1257 506 1286 Israel.
522 1259 618 1293 Num„
631 1266 704 1287 xxn.

240 1303 486 1340 Exploratoribus
501 1305 553 1341 qui
568 1307 711 1333 venerant
734 1313 769 1333 ex
790 1307 875 1341 parte
889 1306 987 1342 Josue,

205 1351 280 1380 dixit
302 1351 405 1380 Rahab
422 1361 429 1380 :
453 1361 469 1378 α
488 1352 561 1380 Novi
581 1352 663 1388 quod
677 1352 833 1381 tradiderit
847 1353 990 1381 Dominus

205 1402 334 1434 terram;
352 1400 461 1428 etenim
483 1400 569 1428 irruit
587 1400 619 1428 in
641 1407 697 1428 nos
720 1402 815 1428 terror
836 1403 947 1437 vester,
962 1402 991 1429 et

206 1446 405 1482 elanguerunt
418 1455 524 1475 omnes
537 1447 719 1475 habitatores
728 1449 822 1475 terras.
836 1449 903 1483 Jos.,
916 1455 948 1482 11,
961 1449 989 1476 9.

242 1495 404 1530 Postquam
419 1494 520 1523 Achan
540 1494 646 1523 tulerat
665 1494 702 1523 de
717 1495 904 1523 anathemate
919 1495 990 1523 Jeri-

207 1540 276 1576 cho,
291 1541 472 1577 fugaverunt
483 1542 539 1570 viri
554 1542 606 1570 Hai
620 1542 699 1570 filios
714 1542 813 1577 lsrael,
830 1544 857 1570 et
871 1551 991 1571 corrue-

206 1590 276 1616 runt
290 1597 327 1617 ex
342 1589 384 1617 eis
405 1589 525 1626 triginta
539 1598 590 1618 sex
609 1590 746 1618 homines
757 1611 765 1625 ,
780 1590 992 1626 pertimuitque

208 1643 260 1664 cor
286 1636 403 1672 populi,
433 1639 461 1665 et
488 1637 580 1665 instar
605 1645 692 1673 aquae
719 1637 913 1673 liquefactum
938 1639 991 1665 est.

208 1683 295 1711 Josue
309 1691 382 1711 vero
397 1684 484 1712 scidit
497 1684 673 1713 vestimenta
687 1692 753 1712 sua.
768 1686 836 1718 Jos.,
852 1692 900 1712 vn.

245 1730 415 1758 Gabaonitae
425 1752 434 1766 ‚
466 1731 621 1760 audientes
655 1734 762 1760 cuncta
791 1739 857 1768 quae
885 1732 994 1760 fecerat

209 1778 296 1805 Josue
310 1777 426 1806 Jericho
440 1780 468 1806 et
484 1779 548 1814 Hai,
563 1779 736 1813 timuerunt,
749 1781 777 1807 et
788 1779 940 1807 venientes
955 1779 994 1807 ad

209 1825 315 1860 Josue,
342 1825 475 1854 fecerunt
499 1829 587 1862 pacta
621 1827 660 1855 ad
689 1827 873 1855 voluntatem
902 1826 992 1855 illius.

211 1872 279 1906 Jos.,
294 1879 335 1900 lx.

248 1919 322 1946 Cum
338 1918 462 1948 haberet
476 1920 597 1949 Gedeon
611 1921 642 1948 in
657 1921 790 1949 exercitu
804 1928 859 1948 suo
876 1920 996 1955 triginta

213 1965 274 1994 duo
289 1966 384 1995 millia
404 1967 562 1996 hominum
577 1968 787 2003 clamantium,
804 1967 895 1995 dixit:
913 1977 927 1993 α
941 1967 995 2001 Qui

212 2012 427 2042 formidolosus
441 2016 470 2043 et
481 2015 603 2043 timidus
621 2017 675 2050 est,
691 2015 865 2043 revertatur.
880 2024 893 2041 »
911 2016 943 2042 Et
951 2022 997 2042 re-

212 2061 291 2089 versi
312 2063 380 2090 sunt
398 2070 435 2090 ex
457 2062 573 2099 populo
593 2062 754 2091 duodecim
774 2061 877 2090 millia.
893 2062 996 2097 audio„

213 2115 265 2144 vn,
282 2110 309 2137 3.

249 2156 319 2184 Saul
338 2158 367 2185 et
386 2164 491 2186 omnes
509 2157 657 2192 lsraentae,
678 2156 832 2185 audientes
846 2164 999 2185 sermones

214 2202 330 2231 Goliath
346 2203 502 2232 Philisthaei
524 2204 674 2240 singulare
699 2206 849 2232 certamen
863 2204 998 2240 petentis,

215 2251 385 2287 stupebant,
400 2254 428 2280 et
442 2253 615 2281 metuebant
628 2252 726 2280 nimis.
740 2254 748 2280 1
764 2253 842 2287 Rea„
857 2260 929 2280 xvn.

252 2298 389 2327 Roboam
410 2299 494 2327 rudis
516 2302 544 2328 et
564 2299 654 2328 corde
679 2299 792 2335 pavido
818 2307 880 2327 non
902 2299 1000 2335 potuit

216 2346 352 2374 resistere
368 2347 521 2383 exercitui,
536 2355 628 2384 quem
638 2347 799 2376 Jeroboam
809 2346 1001 2383 congregavit

218 2396 322 2423 contra
337 2403 416 2422 eum.
433 2396 443 2422 1
459 2396 565 2429 Paral„
578 2403 640 2423 xm.

254 2442 328 2469 Cum
355 2441 487 2469 audisset
514 2442 661 2470 exercitus
693 2440 881 2477 Assyriorum
912 2441 1000 2469 Holo-

218 2487 364 2523 phernem
377 2496 441 2517 esse
461 2489 654 2524 decollatum,
668 2489 744 2525 fugit
758 2497 842 2517 mens
861 2490 890 2517 et
906 2489 1001 2517 80051-

218 2533 294 2563 lium
312 2536 353 2564 ab
376 2536 437 2572 eis,
454 2538 482 2565 et
499 2536 565 2565 solo
591 2539 719 2565 tremore
744 2538 772 2565 et
793 2538 874 2565 metu
888 2536 1000 2573 agitati,

218 2580 296 2617 fugae
309 2583 484 2618 praesidium
499 2586 625 2612 sumunt.
640 2584 749 2619 Judc'tlz,
766 2591 816 2612 xv.

257 2629 425 2658 Nuntiatum
441 2632 485 2658 est
499 2631 603 2658 domui
618 2631 721 2666 David,
737 2630 822 2667 quod
841 2637 895 2659 rex
913 2630 1003 2658 lsrael

223 2676 251 2704 et
265 2683 318 2704 rex
337 2677 427 2713 Syriae
444 2677 638 2706 confoederati
657 2677 802 2707 deberent
822 2679 926 2707 contra
940 2677 1004 2706 Hie-

1756 204 1816 234 589

1032 265 1164 294 rusalem
1183 273 1319 302 pugnare
1326 274 1335 301 ;
1358 268 1387 294 et
1407 267 1594 296 commotum
1617 270 1660 298 est
1674 276 1727 298 801·
1740 269 1816 306 ejus,

1034 314 1063 341 et
1086 320 1138 341 cor
1159 311 1266 349 populi
1290 313 1369 349 ejus,
1393 312 1470 341 sicut
1489 317 1717 345 commoventur
1735 315 1818 352 ligna

1034 360 1188 397 sylvarum
1202 367 1220 388 a
1234 359 1309 389 facie
1322 360 1414 388 venti.
1432 361 1502 396 Isa„
1516 369 1569 397 vn,
1583 362 1611 390 2.

1071 409 1151 436 Onus
1165 407 1232 444 Tyri
1247 407 1418 436 describens
1433 408 1536 444 isaias,
1552 409 1673 439 dicebat
1688 419 1696 439 t
1715 420 1730 438 «
1745 412 1818 440 For-

1034 454 1118 482 mido
1133 454 1183 491 (a),
1197 454 1286 483 fovea
1301 456 1329 483 et
1342 455 1470 491 laqueus
1484 457 1625 493 superte,
1642 457 1694 494 qui
1705 458 1821 487 habita·

1033 503 1081 530 tor
1096 510 1127 529 es
1141 505 1236 531 terrae.
1252 512 1265 528 i)
1283 503 1364 537 lsai„
1379 511 1463 536 xxw,
1481 504 1526 530 17.

1071 548 1218 585 Propheta
1242 549 1360 577 Domini
1380 550 1522 578 Jeremias
1542 558 1578 578 ex
1598 553 1681 587 parte
1703 553 1820 582 Domini

1035 595 1223 632 prophetavit
1243 596 1424 624 Hierusalem
1444 597 1624 633 capiendam
1644 607 1716 627 esse.
1737 599 1821 628 Dixe-

1035 644 1105 671 runt
1118 643 1268 679 principes
1284 643 1391 680 populi
1409 643 1536 672 Sedeciae
1552 653 1559 672 ι
1579 654 1592 671 «
1606 647 1774 681 Rogamus,
1789 648 1822 675 ut

1038 689 1193 718 occidatur
1206 690 1298 718 homo
1311 690 1368 718 hic.
1385 700 1399 717 »
1418 691 1473 724 Qui
1488 692 1634 727 tanquam
1648 693 1778 728 pavidus
1794 696 1822 722 et

1037 736 1139 771 miser,
1159 736 1316 773 respondit
1336 737 1378 765 eis
1399 746 1405 765 :
1424 747 1438 764 α
1454 739 1526 766 Ecce
1548 738 1611 774 ipse
1633 739 1664 766 in
1683 740 1822 769 manibus

1037 784 1153 819 vestris,
1164 792 1220 812 nec
1235 784 1315 812 enim
1329 784 1373 812 sas
1388 786 1431 812 est
1444 793 1548 821 regem
1559 785 1645 815 vohis
1657 787 1822 825 quicquam

1038 839 1158 867 negare.
1172 833 1282 865 Jerem„
1298 839 1400 860 xxxm.

1077 878 1177 906 Darius
1191 887 1243 907 rex
1255 881 1411 907 Persarum
1425 880 1523 908 statuit
1538 880 1575 909 de
1591 881 1716 910 consilio
1731 883 1824 910 satra-

1040 933 1148 962 parum
1169 926 1327 962 quoddam
1351 926 1520 962 decretum3
1537 928 1622 964 quod
1640 936 1710 957 cum
1728 930 1824 957 trans-

1042 981 1159 1008 gressus
1174 975 1250 1001 esset
1267 973 1384 1008 Daniel,
1399 974 1506 1002 missus
1527 976 1569 1002 est
1590 975 1621 1003 in
1640 975 1741 1004 lacum
1761 976 1825 1005 leo-

1041 1028 1125 1048 num.
1142 1021 1252 1048 Tamen
1272 1020 1424 1057 displicuit
1442 1021 1505 1056 regi
1523 1030 1530 1049 ε
1550 1021 1604 1050 sed
1623 1021 1681 1049 illis
1700 1023 1825 1059 satrapis

1041 1067 1165 1095 viriliter
1179 1067 1383 1095 contradicere
1396 1076 1458 1096 non
1472 1068 1614 1097 audebat.
1630 1071 1714 1104 Dan„
1729 1078 1771 1098 Vl.

1079 1114 1188 1142 Videns
1201 1116 1214 1142 J
1219 1115 1292 1143 udas
1304 1115 1501 1150 Machabaeus,
1514 1116 1598 1151 quod
1609 1116 1734 1145 defluxit
1745 1125 1827 1146 exer·

1044 1161 1117 1189 citus
1132 1169 1213 1196 suus,
1229 1163 1257 1190 et
1270 1162 1385 1190 bellum
1399 1163 1582 1198 perurgebat
1597 1172 1677 1198 eum,
1693 1164 1827 1193 confrac-

1044 1210 1091 1236 tus
1106 1211 1148 1237 est
1162 1209 1270 1244 corde,
1287 1211 1315 1237 et
1329 1209 1359 1237 in
1374 1209 1427 1237 illo
1442 1210 1524 1238 hello
1540 1211 1661 1246 cecidit,
1681 1220 1738 1240 088
1758 1212 1829 1248 legi-

1044 1258 1091 1284 tur
1104 1257 1186 1285 idem
1200 1258 1291 1285 Judas
1307 1258 1381 1286 alias
1395 1258 1538 1293 timuisse,
1554 1261 1563 1288 l
1579 1261 1681 1295 Maeli„
1697 1262 1724 1289 9.

1081 1303 1207 1332 Nicanor
1217 1305 1364 1332 contraxit
1379 1306 1523 1333 amicitias
1538 1314 1607 1334 cum
1622 1307 1698 1335 Juda
1711 1307 1828 1336 Macha-

1045 1350 1128 1379 baeo:
1144 1351 1228 1387 quod
1241 1352 1543 1388 displicuitAntiocho
1551 1353 1624 1389 regi,
1634 1356 1661 1382 et
1676 1355 1831 1383 mandavit

1046 1398 1202 1434 Nicanori,
1225 1400 1258 1426 ut
1279 1399 1413 1427 vinctum
1436 1400 1563 1428 mitteret
1586 1400 1614 1428 81
1634 1401 1751 1430 Judam.
1775 1402 1831 1436 Qui

1045 1447 1104 1476 hoc
1123 1448 1213 1476 invite
1231 1447 1373 1477 faciebat:
1393 1449 1447 1477 sed
1468 1451 1568 1478 tamen
1587 1451 1733 1479 voluntati
1752 1452 1831 1487 regis

1046 1494 1180 1523 resistere
1195 1503 1257 1523 000
1272 1495 1404 1536 audebat
1421 1505 1427 1524 :
1445 1496 1536 1531 unde,
1554 1497 1577 1524 si
1591 1498 1751 1534 potuisset,
1768 1507 1831 1528 ma-

1047 1542 1109 1571 lam
1130 1542 1315 1571 voluntatem
1335 1543 1414 1579 regis
1432 1543 1596 1580 implesset.
1616 1546 1637 1572 ll
1653 1546 1752 1579 Mach..
1769 1555 1829 1575 xrv.

1084 1589 1249 1617 Ambulans
1274 1598 1364 1626 super
1387 1598 1469 1618 mare
1500 1592 1601 1619 Petrus
1629 1593 1767 1622 veniebat
1792 1594 1832 1623 ad

1048 1636 1222 1672 Dominum;
1239 1636 1344 1664 videns
1365 1640 1465 1665 autem
1479 1640 1602 1667 ventum
1626 1639 1779 1676 validum,
1793 1641 1831 1670 ti-

1048 1684 1133 1719 muit,
1148 1686 1203 1713 818.
1217 1686 1331 1721 ΜαῐίΙι,,
1347 1694 1405 1720 xiv,
1422 1688 1465 1715 30.

1085 1731 1313 1760 pusillanimitas
1338 1732 1459 1761 videtur
1482 1733 1572 1762 fuisse
1595 1734 1626 1762 in
1650 1735 1831 1771 Nicodemo,

1050 1778 1135 1814 quod
1149 1779 1211 1814 ipse
1226 1780 1307 1807 venit
1320 1779 1361 1808 ad
1374 1782 1475 1808 Jesum
1489 1783 1587 1816 nocte,
1605 1783 1691 1818 quasi
1706 1790 1768 1811 non
1782 1790 1833 1811 au·

1050 1825 1134 1853 deret
1146 1826 1248 1854 venire
1263 1826 1300 1854 de
1316 1826 1374 1855 die.
1391 1829 1484 1861 Joan.‚
1501 1835 1544 1863 111,
1559 1829 1586 1857 2.

1086 1872 1223 1901 Videntes
1243 1873 1381 1910 discipuli
1403 1875 1469 1911 capi
1491 1876 1667 1911 Dominum,
1687 1878 1716 1904 et
1734 1876 1832 1913 ligari,

1050 1920 1153 1948 relicto
1169 1928 1204 1948 80
1218 1920 1360 1956 fugerunt
1374 1929 1489 1950 omnes.
1506 1924 1606 1950 Petrus
1619 1925 1719 1951 autem
1732 1931 1835 1960 seque-

1051 1966 1139 1994 batur
1154 1975 1223 1995 eum
1244 1975 1262 1996 a
1282 1968 1389 2004 longe,
1411 1969 1483 2005 quia
1502 1969 1539 1997 de
1556 1978 1652 2006 prope
1666 1978 1729 1999 non
1743 1970 1835 1999 aude-

1051 2013 1113 2042 bat.
1130 2015 1228 2046 Marc„
1245 2022 1307 2042 xxv.

1088 2060 1190 2096 Arguit
1211 2061 1354 2089 Dominus
1377 2062 1651 2098 pusillanimitatem
1672 2064 1835 2101 discipulo-

1052 2115 1130 2140 rum,
1146 2108 1218 2143 quia
1230 2108 1461 2137 commotionem
1476 2110 1576 2145 maris,
1595 2110 1662 2147 ipso
1677 2114 1834 2148 praesente,

1053 2154 1211 2190 timebant,
1227 2156 1341 2190 Matala,
1356 2163 1426 2192 vui,
1441 2157 1476 2184 26
1497 2166 1504 2185 :
1524 2166 1537 2183 «
1552 2157 1629 2192 Quid
1644 2158 1742 2187 timidi
1756 2159 1836 2195 estis,

1053 2201 1181 2230 modicae
1196 2201 1268 2230 fidei
1277 2202 1291 2230 ’ἶ
1305 2212 1320 2230 n

1090 2249 1180 2277 Nimis
1194 2249 1393 2285 pusillanimis
1407 2251 1519 2285 Petrus,
1535 2252 1658 2288 quando
1673 2253 1714 2281 ad
1728 2261 1836 2282 vocem

1054 2296 1143 2325 unius
1168 2296 1283 2325 ancillae
1302 2298 1478 2333 Dominum,
1497 2301 1566 2335 post
1589 2301 1677 2327 tantae
1701 2300 1835 2329 audaciae

1054 2343 1157 2379 verba,
1173 2344 1303 2380 negavit.
1318 2346 1432 2381 Matth„
1447 2353 1536 2382 xxvi;
1550 2347 1627 2383 Luc„
1643 2355 1719 2383 xxm
1734 2348 1836 2383 Marc„

1056 2399 1119 2425 xlv;
1134 2392 1227 2426 Joan„
1241 2400 1324 2421 xvm.

1091 2440 1230 2468 Similiter
1257 2440 1432 2469 adolescens
1461 2441 1511 2470 ille
1538 2442 1664 2471 amictus
1687 2440 1814 2472 sindone
1828 2466 1837 2479 ,

1057 2495 1128 2516 81110
1142 2489 1290 2516 teneretur
1307 2496 1326 2516 a
1340 2488 1496 2522 ministris,
1510 2489 1615 2517 maluit
1629 2490 1762 2519 amittere
1778 2491 1838 2519 sin·

1057 2535 1183 2569 donem,
1198 2537 1225 2563 et
1238 2535 1338 2563 nudus
1359 2535 1519 2571 aufugere,
1535 2544 1628 2573 quam
1646 2537 1777 2574 amplius
1795 2538 1838 2567 ibi

1056 2591 1221 2612 remanere.
1238 2584 1336 2617 Marc..
1354 2592 1412 2613 xiv.

1089 2681 1123 2711 (a)
1140 2679 1202 2705 Coet.
1216 2680 1278 2706 edit.
1293 2680 1437 2706 Fortitudo.
