2004 3037
557 162 608 195 DE
629 160 790 201 QUARTO
809 159 983 193 ITINERE.
1007 158 1106 191 DIST.
1130 159 1168 191 V.
1189 158 1280 191 ART.
1302 157 1354 191 ΙΙΙ.

155 231 234 270 plius
241 230 358 260 homini
371 230 436 260 dari
445 231 546 268 possit.
561 232 592 259 Et
607 230 762 268 quiasorte
777 229 868 258 verba
880 228 935 256 ista

156 279 195 308 ab
208 278 268 308 illis
281 278 381 308 verbis
395 280 466 307 nata
480 280 558 312 sunt,
575 285 642 315 quae
651 276 749 306 audiri
762 277 934 314 potuerunt,

157 325 216 354 dici
230 333 292 354 non
307 326 485 354 debuerunt.
501 326 575 353 Nam
584 325 646 360 ille,
659 323 712 361 qui
726 324 789 352 haec
805 322 934 357 dicebat,

156 381 252 410 usque
272 373 311 401 ad
333 373 451 402 tertium
466 372 574 401 coslum
588 372 774 408 pervenerat,
801 371 828 398 et
848 370 937 397 intra—

158 422 239 448 verat
252 420 283 448 in
297 419 472 457 paradisum
486 419 551 453 Dei,
566 418 669 455 ibique
687 417 779 446 verba
796 416 936 453 quaedam

157 467 292 495 audierat
307 467 344 495 de
357 466 455 495 Verbo
470 468 582 494 secreta
597 465 722 494 omnino
747 465 775 492 et
797 463 936 500 proxima

157 514 284 550 silentio,
300 521 395 550 usque
408 513 448 542 ad
463 521 529 549 quae
543 512 622 540 auris
645 512 778 540 humana
791 518 853 538 non
867 518 936 538 con-

158 561 291 597 tingeret,
307 568 374 597 quae
387 567 476 588 nemo
489 559 619 593 audiret,
633 558 729 587 donec
745 558 840 586 scirct.
858 559 936 586 Intus

158 608 237 636 enim
252 607 459 642 audiebantur,
483 605 536 634 ubi
556 605 741 641 dicebantur,
758 606 787 633 et
805 612 866 632 non
882 612 936 640 po-

157 657 251 684 terant
266 655 345 683 exire
358 654 448 689 foras,
464 654 516 682 ubi
531 655 593 682 erat
607 654 709 682 homo.
725 655 882 689 Propterea
898 652 936 680 ab

158 710 206 737 eo,
218 702 270 739 qui
280 701 359 730 intus
374 702 436 729 erat
450 703 478 729 et
491 700 582 728 valde
596 699 685 735 intus,
701 700 779 728 intus
794 702 822 727 et
832 699 937 727 intror-

157 757 223 777 sum
244 748 341 776 audiri
362 749 538 784 potuerunt;
556 747 608 775 sed
623 747 679 782 his,
694 747 744 784 qui
757 746 828 774 foris
843 748 936 779 erant,

158 795 216 824 dici
229 803 292 824 non
307 795 492 823 debuerunt:
504 802 541 822 ne
552 796 651 822 tamen
666 794 714 821 vel
729 793 783 827 illi,
800 793 850 829 qui
866 792 937 820 foris

158 844 251 878 erant,
267 842 554 878 derelinquerentur,
565 841 587 869 si
601 841 640 869 ab
653 849 699 873 eo,
711 841 762 878 qui
776 841 852 868 intus
865 842 936 874 erat,

157 898 219 918 non
228 891 417 924 vocarentur,
427 891 497 917 nata
511 891 578 917 sunt
591 889 683 917 verba
695 889 731 916 de
742 887 852 922 verbis,
863 888 938 915 sicut

159 937 196 965 de
217 937 313 965 Verbo
337 938 406 964 nata
426 936 565 965 fuerant:
590 936 627 964 de
650 935 750 964 verbis
773 943 838 971 quae
859 935 937 962 intus

158 984 268 1012 servari
290 984 476 1018 debuerunt,
503 983 597 1012 verba
620 991 686 1019 quae
707 983 787 1011 foras
810 982 937 1018 proferri

157 1033 327 1068 potuerunt,
342 1031 380 1058 de
394 1030 546 1058 immensis
561 1038 681 1065 magna,
697 1030 734 1057 de
745 1030 867 1057 occultis
883 1029 936 1057 ob-

158 1086 254 1112 scura,
263 1078 301 1105 de
315 1077 593 1114 impenetrabilibus
602 1076 753 1112 profunda
764 1086 770 1104 :
782 1085 848 1113 quae
861 1085 878 1105 a
886 1085 937 1104 no-

157 1124 204 1153 bis
218 1124 319 1152 audita
332 1126 400 1152 sunt
414 1125 558 1160 tanquam
570 1123 713 1159 tonitrua;
736 1126 837 1151 utrum
851 1124 936 1152 intel-

157 1171 242 1206 lecta,
258 1171 369 1199 nescio.
387 1181 400 1197 »
417 1172 451 1198 Et
465 1170 549 1199 addit
562 1170 676 1198 ibidem
692 1179 698 1197 z
717 1180 730 1195 «
745 1169 773 1198 si
793 1170 855 1198 hoec
875 1178 937 1198 non

159 1220 323 1254 gustantur,
337 1226 400 1246 non
414 1220 567 1253 amantur3
588 1218 612 1245 si
633 1219 732 1245 autem
747 1225 808 1245 non
831 1226 936 1245 aman-

158 1267 215 1300 tur,
230 1273 291 1293 non
312 1265 518 1300 intelliguntur
524 1275 532 1300 ,·
549 1266 577 1292 et
597 1264 620 1292 si
635 1273 696 1292 non
720 1264 936 1300 intelliguntur,

157 1320 234 1340 vane
256 1312 428 1340 audiuntur.
452 1313 483 1339 In
498 1320 600 1340 amore
615 1313 715 1339 autem
730 1311 763 1339 fit
777 1314 888 1346 gustus,
905 1312 936 1340 id

158 1362 209 1396 est,
224 1359 414 1395 experientia,
431 1368 497 1396 qua.²
512 1361 554 1387 est
567 1359 708 1394 magistra
721 1359 935 1394 {intelligentiae,

158 1409 187 1435 et
204 1408 305 1434 nostra
325 1406 552 1434 consummatio.
569 1416 582 1431 n
600 1407 664 1433 Haec
686 1406 747 1434 ille.
775 1406 864 1441 Igitur
886 1406 936 1442 qni

158 1455 262 1483 volunt
274 1455 332 1482 hoc
346 1454 474 1491 perfecte
485 1454 767 1490 intelligere,primo
783 1454 938 1489 experian-

157 1505 213 1531 tur.
229 1503 350 1530 Narrata
373 1504 473 1529 autem
495 1501 666 1529 difficultate
685 1501 809 1528 istorum
828 1501 937 1529 verbo-

157 1558 235 1584 rum,
250 1549 461 1585 praedictorum
485 1548 642 1576 doctorum
662 1548 878 1584 expositionem
893 1549 936 1576 vi-

159 1597 283 1624 deamus
298 1597 504 1632 utrorumque.

194 1643 290 1671 Prima
304 1643 393 1678 igitur
404 1642 571 1679 proprietas
583 1642 729 1679 seraphici
741 1642 861 1675 amoris,
875 1642 937 1670 sive

157 1697 314 1726 supremus
340 1689 450 1724 gradus
477 1688 643 1716 secundum
674 1689 847 1725 Dionysium
858 1710 866 1723 ,
897 1692 938 1717 est

157 1745 261 1772 semper
275 1737 379 1763 mobile.
391 1737 429 1763 De
444 1744 504 1772 quo
520 1735 730 1769 Lineoniensis,
747 1738 774 1763 et
789 1744 938 1764 commen-

159 1785 223 1811 ator
246 1785 330 1818 Hugo
357 1777 543 1810 concorditer
568 1783 689 1817 dicunt,
721 1783 805 1819 quod
835 1785 937 1811 auctor

158 1831 263 1858 volens
279 1829 434 1857 ostendere
455 1829 650 1866 proprietates
669 1830 789 1864 amoris,
805 1838 866 1866 quo
880 1830 937 1858 fer-

159 1880 229 1905 vent
241 1877 411 1912 Seraphim,
427 1877 501 1904 sicut
516 1885 551 1904 ea
566 1877 743 1911 significavit
757 1885 810 1913 per
825 1877 937 1913 ignem,

159 1924 200 1951 sic
228 1932 332 1951 eorum
365 1923 524 1951 deiformes
557 1924 677 1951 habitus
711 1924 857 1959 significat
885 1933 938 1960 per

159 1971 235 2006 ignis
258 1970 463 2006 proprietates.
487 1970 566 2005 Ignis
590 1978 720 2006 namque
743 1971 938 2007 proprietates

159 2019 248 2045 sunt:
272 2017 470 2052 sempiterna,
496 2025 558 2044 non
581 2017 743 2053 interrupta
765 2018 936 2053 mobilitas3

160 2064 312 2097 caliditas;
341 2072 465 2092 acumen
491 2064 724 2099 penetrativum,
750 2066 777 2091 et
801 2064 938 2092 velociter

160 2113 294 2146 acutum,
319 2113 347 2139 et
370 2111 610 2147 superfervidum
624 2133 632 2145 ,
654 2111 723 2146 quia
746 2111 866 2138 interius
892 2119 937 2138 ca-

160 2159 274 2194 lidum,
295 2159 351 2187 sibi
375 2167 479 2186 eorum
493 2179 502 2193 ,
526 2167 593 2195 quae
614 2158 771 2194 contingit,
797 2160 839 2185 est
866 2159 937 2186 assi-

160 2206 334 2233 milativum.
351 2215 364 2231 n
382 2207 415 2233 Et
428 2205 505 2233 infra
523 2205 656 2241 sequitur
673 2215 679 2232 ε
701 2215 713 2231 κ
738 2205 847 2232 Eadem
862 2205 938 2240 ignis

159 2252 339 2288 proprietas,
360 2260 426 2288 quae
441 2252 546 2280 dicitur
566 2253 658 2280 motio
677 2252 801 2285 amoris,
816 2254 847 2279 ut
862 2252 936 2279 aesti-

160 2307 228 2333 mo,
250 2300 345 2334 signat
365 2299 511 2327 actionem
531 2302 559 2327 et
573 2299 753 2327 amationem
772 2307 833 2326 non
848 2299 936 2326 inter-

120 2381 125 2387 ·
159 2348 287 2382 ruptam,
303 2354 358 2373 nec
372 2345 487 2373 finitam
501 2347 599 2382 quiete
611 2367 618 2381 ,
634 2346 682 2374 vel
705 2346 879 2382 pausatione
898 2346 936 2373 ab

160 2393 288 2428 agendo.
316 2393 384 2426 Quae
410 2393 490 2420 enim
516 2395 613 2429 potest
645 2401 707 2421 esse
738 2393 796 2420 alia
827 2393 938 2420 amoris

161 2441 268 2475 motio,
292 2441 349 2468 nisi
368 2441 432 2475 ejus
452 2441 574 2468 actualis
596 2441 705 2468 amatio
717 2462 725 2474 ,
743 2449 809 2476 quae
830 2448 891 2468 non
907 2440 938 2467 in

161 2488 219 2515 illis
234 2488 399 2516 caelestibus
411 2488 590 2522 substantiis,
605 2488 679 2515 sicut
690 2488 719 2515 in
730 2488 828 2521 nobis,
845 2496 939 2524 quan-

163 2534 262 2570 doque
281 2535 403 2570 quiescit
418 2537 445 2562 et
463 2534 575 2568 finitur,
591 2535 643 2562 sed
667 2535 843 2571 sempiterne
867 2535 935 2570 agit,

196 2598 200 2610 ¹
222 2598 297 2628 Hug.‚
318 2598 344 2621 in
368 2605 423 2629 cap,
444 2601 508 2628 sept.
534 2598 623 2628 Anqcl.
645 2599 724 2627 Hier„
745 2598 786 2622 liliv
809 2600 854 2622 Vl.
880 2600 936 2622 ante

162 2633 229 2658 med.

1713 161 1773 192 453

993 227 1120 255 existens
1141 226 1262 263 intenta,
1280 229 1312 255 ut
1326 235 1387 256 non
1401 227 1521 256 desistat
1535 227 1719 265 quander
1733 228 1772 257 ab

992 273 1100 311 agendi
1116 274 1265 302 motione:
1283 282 1317 303 ac
1329 282 1382 311 per
1391 274 1469 303 hanc
1483 274 1678 304 intentionem
1687 274 1775 304 inter-

990 320 1142 350 missibilis
1164 321 1202 349 ab
1224 321 1345 350 amandi
1361 321 1541 356 intentione,
1560 324 1588 350 et
1610 321 1774 350 indeclina-

990 368 1069 402 bilis,
1086 369 1114 396 et
1129 367 1298 396 inflexibilis
1324 369 1362 397 ab
1387 369 1518 397 amando
1534 369 1670 398 ordinate
1694 377 1776 398 ama-

991 417 1070 449 tum,
1087 417 1115 442 et
1129 415 1349 443 indeclinabilis
1372 415 1412 444 ad
1427 415 1544 453 aliquid
1563 416 1647 444 aliud
1661 416 1775 445 inordi-

991 464 1060 491 nate
1076 462 1252 490 amandum.
1268 472 1281 488 »
1299 462 1435 499 Sequitur
1451 472 1458 490 :
1477 472 1490 489 «
1505 463 1681 499 Hujusmodi
1702 472 1774 500 ergo

993 517 1112 546 semper
1127 509 1269 543 motione,
1280 509 1422 546 praedicto
1434 509 1538 544 modo,
1549 512 1668 546 attenta,
1684 512 1712 539 et
1722 519 1776 547 per

991 556 1049 585 hoc
1064 556 1275 584 irremissibilis
1291 558 1318 585 et
1332 557 1564 591 indeclinabilis,
1581 565 1698 594 semper
1711 567 1776 586 mo-

991 603 1060 631 bilis
1071 603 1149 631 circa
1159 603 1271 638 divina,
1280 603 1377 640 primo
1386 604 1472 632 docet
1481 604 1694 633 manifestative
1703 613 1775 641 cog-

992 650 1229 679 nominationem
1246 651 1409 687 Seraphim.
1426 661 1440 678 »
1458 653 1542 687 Ilugo
1562 654 1777 680 commentator

992 697 1077 725 addit
1090 697 1149 732 hle,
1165 697 1266 725 dicens
1283 699 1304 733 ¹,
1321 698 1405 734 quod
1419 698 1514 726 motio
1529 698 1696 727 dilectionis
1710 707 1777 735 quoe

992 744 1031 772 ad
1045 744 1201 780 superiora
1226 746 1268 772 est
1288 745 1411 780 intenta,
1436 745 1542 774 intima
1556 747 1584 774 et
1605 745 1777 774 inflexibilis

993 791 1099 819 dicitur
1107 800 1115 826 5
1130 793 1219 827 prout
1234 793 1333 819 autem
1347 791 1380 820 fit
1399 792 1439 820 ad
1453 793 1605 828 subjecta,
1620 793 1650 820 id
1667 795 1719 828 est,
1735 793 1778 820 in-

992 838 1112 873 seriora.
1129 838 1280 866 reductive
1295 841 1323 867 et
1337 839 1432 867 active
1448 839 1647 876 exemplativa
1661 839 1698 876 (α)
1719 847 1776 868 no-

992 887 1131 914 minatur.
1148 888 1242 919 Motus
1265 888 1344 915 enim
1359 888 1409 915 ille
1420 908 1429 922 ,
1451 887 1503 924 qui
1518 888 1549 915 in
1573 887 1720 924 superiori
1735 890 1778 916 est

993 934 1221 970 contemplatio,
1246 934 1277 962 in
1301 935 1434 962 inferiori
1457 937 1500 963 est
1522 934 1672 971 operatio:
1687 937 1715 962 et
1738 935 1777 963 ad

993 981 1148 1017 superiora
1163 982 1268 1016 tendit,
1284 984 1316 1009 ut
1330 982 1361 1010 in
1377 982 1418 1010 eis
1441 982 1622 1019 requiescat3
1639 982 1679 1010 ad
1702 983 1776 1011 infe-

992 1029 1073 1056 riora
1094 1028 1198 1063 tendit,
1214 1031 1246 1056 ut
1260 1037 1295 1057 ea
1310 1029 1350 1056 ad
1370 1038 1400 1057 se
1415 1029 1555 1065 reducat,
1571 1037 1689 1057 sursum
1704 1030 1776 1058 cha-

992 1075 1062 1103 ritas
1086 1077 1235 1110 movetur,
1251 1077 1283 1104 ut
1305 1076 1365 1103 illic
1381 1078 1500 1104 maneat
1523 1076 1664 1104 deorsum
1678 1078 1712 1104 ut
1729 1085 1776 1105 re-

994 1122 1070 1150 deat.
1088 1124 1230 1150 Praeterea
1246 1123 1339 1151 motio
1355 1123 1504 1151 charitatis
1526 1124 1557 1151 in
1571 1123 1777 1160 superioribus

994 1169 1117 1205 quidem
1140 1170 1179 1197 ad
1198 1170 1353 1198 interiores
1374 1171 1528 1199 reductiva
1548 1173 1575 1199 et
1596 1171 1692 1199 activa
1707 1171 1778 1199 dici-

993 1218 1040 1243 tur
1055 1226 1061 1243 :
1081 1216 1236 1245 reductiva
1252 1217 1281 1245 in
1297 1226 1352 1252 eo,
1369 1218 1453 1254 quod
1466 1218 1535 1246 illos
1554 1217 1594 1246 ad
1608 1219 1777 1247 Creatorem

993 1271 1081 1290 suum
1092 1263 1201 1291 eodem
1217 1264 1283 1299 igne
1297 1264 1446 1292 charitatis
1459 1265 1643 1292 succendens
1659 1273 1778 1294 conver-

994 1311 1040 1346 tit3
1056 1312 1152 1339 activa
1166 1320 1238 1339 vero
1255 1312 1285 1339 in
1301 1320 1348 1347 eo,
1372 1312 1456 1348 quod
1470 1312 1539 1340 illos
1555 1313 1676 1348 accepta
1691 1313 1777 1340 clari-

992 1360 1050 1386 tate
1065 1358 1225 1393 illustram,
1243 1359 1283 1386 ad
1294 1359 1385 1395 ipsius
1394 1359 1578 1387 voluntatem
1588 1360 1775 1396 componit.»

993 1407 1026 1432 Et
1035 1405 1111 1433 infra
1124 1415 1130 1433 ε
1145 1416 1157 1431 «
1172 1407 1294 1442 Propter
1310 1406 1394 1442 quod
1404 1406 1504 1442 itaque
1520 1406 1639 1442 dilectio
1654 1406 1778 1435 illorum

993 1452 1163 1488 exemplum
1178 1453 1253 1480 facta
1268 1454 1310 1480 est
1329 1453 1363 1489 (b)
1380 1452 1554 1481 inferiorum
1568 1454 1607 1481 ad
1621 1454 1777 1489 superiora

993 1499 1151 1533 tendendi,
1168 1501 1196 1527 et
1217 1500 1383 1527 secundum
1400 1500 1555 1536 superiora
1581 1500 1775 1536 intendendi,

994 1548 1138 1582 tanquam
1160 1546 1344 1574 recalificans
1359 1546 1432 1581 ista,
1447 1547 1557 1574 scilicet
1576 1546 1735 1582 inferiora,
1750 1551 1778 1576 et

993 1593 1171 1620 resuscitans
1192 1593 1223 1620 in
1247 1593 1433 1621 consimilem
1449 1593 1638 1628 caliditatem,
1654 1596 1686 1621 ut
1700 1602 1777 1622 sem-

993 1647 1047 1675 per
1068 1640 1202 1674 ardeant,
1223 1640 1276 1667 sed
1295 1648 1356 1668 non
1374 1640 1537 1676 aequaliter.
1558 1640 1665 1668 Mobile
1687 1641 1777 1676 igitur

994 1686 1104 1714 amoris
1121 1689 1173 1721 est,
1181 1689 1214 1714 ut
1228 1695 1289 1714 non
1305 1689 1451 1723 torpescat
1466 1687 1584 1715 dilectio
1600 1690 1710 1722 nostra,
1726 1696 1776 1716 ne-

995 1741 1052 1769 que
1066 1735 1203 1769 tepescat.
1223 1745 1237 1760 »
1256 1736 1319 1762 Haec
1336 1736 1418 1770 nugo
1433 1734 1558 1762 ibidem.

1031 1781 1165 1808 Secunda
1176 1781 1344 1818 proprietas
1355 1782 1403 1809 vel
1416 1782 1528 1817 gradus
1541 1782 1686 1818 seraphici
1697 1790 1777 1811 amo-

994 1827 1044 1861 ris,
1060 1829 1103 1855 est
1119 1829 1292 1863 incessabile,
1304 1829 1351 1856 vel
1366 1829 1511 1863 infinibile.
1525 1830 1557 1856 Et
1570 1829 1632 1857 haec
1643 1830 1777 1866 proprie-

994 1877 1038 1903 tas
1053 1876 1163 1903 amoris
1177 1875 1274 1903 differt
1285 1884 1302 1903 a
1316 1876 1423 1911 prima.
1440 1877 1702 1904 EtCommentator
1710 1877 1776 1905 Lin-

995 1922 1142 1950 coniensis
1157 1923 1256 1950 reddit
1270 1924 1418 1951 rationem
1440 1923 1632 1959 differentiae,
1650 1924 1750 1952 dicens
1768 1934 1774 1952 ε

998 1979 1009 1995 «
1027 1970 1104 1997 Sicut
1118 1970 1179 1997 haec
1194 1970 1350 2005 particula,
1362 1978 1464 2005 seraper
1477 1971 1582 2003 mobile,
1599 1971 1675 1998 tollit
1690 1971 1776 1998 inter-

994 2016 1166 2051 ruptionem
1188 2016 1329 2043 motionis
1352 2016 1382 2044 in
1407 2017 1556 2045 amatione
1581 2018 1628 2053 (c);
1653 2018 1693 2045 sic
1718 2017 1776 2045 hoc

995 2063 1179 2097 adjunctum,
1194 2064 1351 2090 incessabile
1363 2064 1409 2091 vel
1425 2065 1568 2099 infinibile,
1582 2064 1658 2092 tollit
1672 2064 1776 2092 termi-

995 2109 1148 2137 nationem
1169 2109 1346 2137 durationis.
1371 2110 1421 2138 Vel
1444 2110 1529 2145 forte,
1553 2110 1649 2147 inquit
1673 2111 1775 2139 Linco-

994 2157 1113 2190 niensis,
1129 2165 1182 2192 per
1204 2156 1276 2191 hoc,
1297 2157 1380 2193 quod
1396 2157 1466 2185 dicit
1480 2159 1588 2186 Auctor
1603 2160 1774 2194 incessabile,

994 2203 1042 2230 vel
1058 2204 1207 2238 infinibile,
1224 2203 1349 2232 intendit
1365 2205 1530 2241 exprimere
1553 2206 1630 2233 hanc
1644 2205 1776 2242 proprie-

995 2252 1082 2277 tatem
1111 2250 1238 2284 amoris,
1266 2251 1305 2278 ad
1333 2251 1559 2280 similitudinem
1588 2252 1776 2289 proprietatis

994 2297 1086 2332 ignis,
1105 2297 1243 2325 videlicet
1258 2299 1338 2334 quod
1352 2299 1427 2326 sicut
1447 2300 1524 2335 ignis
1539 2308 1601 2327 non
1616 2299 1707 2327 habet
1721 2301 1776 2327 ter-

994 2344 1110 2371 minum
1120 2343 1150 2371 in
1159 2344 1288 2379 agendo,
1299 2345 1372 2373 dum
1384 2346 1495 2374 invenit
1506 2347 1660 2374 materiam
1676 2348 1776 2382 aptam

994 2391 1025 2418 in
1040 2399 1132 2427 quam
1146 2392 1238 2427 possit
1252 2393 1390 2428 transire3
1410 2393 1450 2421 sic
1467 2402 1552 2421 amor
1572 2395 1599 2421 et
1619 2393 1682 2428 ejus
1699 2392 1774 2420 actio

995 2447 1056 2466 non
1070 2438 1182 2466 habent
1206 2440 1364 2468 terminum
1386 2441 1416 2468 in
1436 2441 1570 2477 agendO,
1593 2441 1665 2468 dum
1689 2434 1772 2467 inve-

994 2487 1079 2514 niunt
1093 2486 1249 2514 materiam
1259 2491 1370 2524 aptam,
1382 2489 1412 2517 in
1423 2497 1514 2525 quam
1525 2488 1639 2524 possint
1648 2487 1687 2523 (d)
1698 2489 1775 2514 tran-

1028 2562 1061 2592 (α)
1078 2562 1139 2587 Caet.
1154 2563 1212 2588 edit.
1229 2564 1367 2589 reductivae
1384 2568 1409 2588 et
1424 2563 1513 2587 activae
1526 2561 1734 2592 exemplativum.
1744 2573 1772 2578 -

996 2597 1028 2628 (b)
1047 2597 1106 2622 Coet.
1123 2599 1184 2623 edit,
1205 2600 1260 2623 add.
1280 2600 1314 2625 in.
1332 2614 1360 2618 —
1377 2602 1405 2624 (ci
1424 2599 1485 2623 (j'wt.
1507 2598 1567 2622 edil.
1590 2596 1729 2621 amotione.
1743 2607 1774 2613 -ν

997 2633 1033 2663 (cl)
1051 2634 1111 2657 Item
1128 2639 1244 2665 possunt.
