2004 3037
260 175 320 207 242

259 245 289 273 et
300 244 377 272 Deus
389 246 453 268 non
466 238 542 266 esset
563 243 632 264 vere
653 234 723 263 finis
744 232 891 262 omnium.
906 233 971 261 Non
985 238 1036 260 au-

258 293 319 320 tem
325 286 475 318 videbitur
483 286 560 313 Deus
573 283 636 312 sine
644 281 745 311 medio
755 280 942 317 disponente,
951 277 1036 315 quod

259 339 303 366 est
316 335 410 373 gratia
423 334 452 362 et
465 331 571 369 gloria.
587 330 708 368 Oportet
719 328 799 357 enim
809 326 1036 364 proportionem

259 392 321 413 esse
335 383 410 411 inter
422 380 574 409 videntem
593 379 621 406 et
639 377 736 405 visum
752 385 760 404 ι
779 375 844 403 haec
861 375 962 402 autem
975 372 1036 400 dis-

257 429 366 468 positio
380 427 435 457 erit
449 435 486 456 ex
498 427 582 463 parte
595 423 734 458 videntis,
748 424 777 451 et
788 429 850 450 non
863 421 907 449 rei
919 420 998 449 visae.

293 476 452 507 Sciendum
461 475 562 503 autem
571 472 655 509 quod
668 469 827 507 multiplex
838 470 881 497 est
890 467 1034 496 medium.

256 525 389 555 Primum
403 524 446 552 est
460 520 594 550 medium
601 518 749 556 peccati¹2
762 517 878 545 Peccata
890 517 981 543 vestra
995 513 1036 541 di-

256 574 377 602 viserunt
389 573 461 599 inter
474 576 521 597 vos
533 571 559 596 et
574 569 659 594 Deum
669 568 807 593 oestrum:
822 562 902 592 istud
916 563 959 590 est
974 568 1036 589 me-

258 620 343 649 dium
359 617 533 654 impiorum.
553 613 723 643 Secundum
744 613 787 640 est
805 609 940 639 medium
955 615 1037 636 crea-

256 669 344 702 turoe3
369 663 528 702 Apostolus
543 663 554 680 '²
567 671 574 690 2
604 660 761 689 Invisibilia
787 659 838 686 Dei
866 665 883 684 a
911 658 1037 684 creatura

256 713 369 748 mundi,
387 720 436 748 per
454 719 501 746 ea,
521 717 580 746 quoe
595 710 669 742 facta
689 708 766 741 sunt,
786 705 935 735 intellecta,
960 704 1014 731 etc.
1029 711 1035 730 ε

256 762 315 791 hoc
339 762 382 788 est
402 758 538 788 medium
564 754 824 793 philosophorum.
848 751 974 780 Tertium
996 751 1038 777 est

257 807 393 838 medium
405 806 527 842 figurae3
543 802 701 840 Apostolus
718 801 748 828 ³:
777 800 875 828 Omnia
898 800 928 825 in
949 799 1038 832 staura

258 854 448 890 continqebant
461 853 536 880 illis:
548 850 606 878 hoc
617 847 660 877 est
674 847 808 876 medium
822 837 1038 882 prophetarum

258 904 286 931 et
304 900 550 938 patriarcharum.
567 898 709 931 Quartum
732 896 775 922 est
792 892 927 921 medium
945 889 1037 926 scrip-

257 951 330 978 turae
343 950 373 976 ¹⁶:
391 948 544 976 Declaratio
558 951 710 972 sermonum
725 945 832 970 tuorum
846 939 993 969 illuminat,
1012 939 1038 964 et

258 997 424 1025 intellectum
439 994 487 1021 dat
498 992 643 1029 parvulis.-
663 990 721 1018 hoc
741 989 784 1016 est
799 986 934 1015 medium
955 984 1038 1012 theo-

257 1044 407 1080 logorum.
423 1040 564 1075 Quintum
583 1040 626 1067 est
644 1036 779 1065 medium
797 1033 868 1062 fidei
881 1034 912 1060 ⁵:
929 1034 993 1060 Esco
1006 1033 1039 1065 fi-

259 1092 328 1120 delis
341 1097 424 1125 usque
436 1088 472 1116 ad
487 1089 611 1121 mortem,
626 1087 651 1113 et
665 1085 732 1112 dabo
748 1083 813 1114 tibi,
830 1082 884 1109 etc.
898 1089 905 1107 ι
924 1079 982 1107 hoc
998 1080 1040 1106 cst

245 1137 392 1167 'medium
412 1135 566 1168 fidelium,
587 1140 648 1169 quo
670 1134 812 1167 tanquam
833 1128 863 1156 in
883 1126 1039 1162 aenigmate

258 1185 362 1214 vident
375 1185 478 1212 neum.

295 1230 430 1261 Secunda
457 1230 512 1257 dos
535 1228 642 1256 animae
661 1228 703 1254 est
727 1224 845 1252 dilectio
854 1232 861 1257 ;
887 1221 940 1249 sed
965 1220 1041 1247 inter

261 1279 451 1308 dilectionem
465 1278 494 1304 et
506 1276 643 1303 virtutem
659 1271 825 1301 differentia
847 1271 889 1298 est
907 1267 1019 1304 duplex
1032 1275 1038 1294 ε

261 1334 322 1355 una
332 1328 375 1354 est
388 1323 553 1353 secundum
567 1321 715 1354 habitum,
727 1318 799 1355 quia
811 1317 903 1344 virtus
918 1316 960 1342 est
974 1322 1041 1350 pro-

260 1374 324 1411 prie
338 1371 429 1406 illud,
445 1369 528 1407 quod
546 1368 649 1397 transit
664 1367 701 1395 de
715 1367 791 1394 statu
807 1363 906 1400 gratiae
921 1361 960 1390 ad
981 1363 1040 1388 sta-

261 1423 324 1449 tum
339 1419 461 1456 gloriae3
477 1418 534 1446 dos
548 1418 647 1444 autem
663 1416 704 1442 cst
719 1413 760 1447 id,
776 1411 860 1446 Quod
875 1416 965 1445 supra
979 1415 1041 1435 me-

261 1468 351 1497 ritum
366 1467 453 1495 datur
471 1465 501 1493 in
519 1462 691 1492 inductione
707 1466 832 1496 sponsae.
849 1457 912 1485 Alia
928 1457 971 1483 est
986 1454 1042 1482 dit'-

261 1515 395 1549 ferentia,
406 1516 438 1542 ut
451 1519 542 1550 penes
552 1511 714 1546 objectum,
726 1507 796 1543 quia
810 1505 877 1533 licet
891 1503 1042 1538 objectum

261 1563 421 1598 utrobique
435 1561 488 1588 erit
500 1561 586 1592 Deus,
597 1558 769 1585 nontamen
779 1552 944 1581 seeundum
959 1549 1042 1586 quod

262 1611 352 1638 Deus:
370 1608 422 1636 sed
437 1607 491 1635 erit
505 1607 656 1642 objectum
672 1602 784 1630 virtutis
800 1600 829 1628 iu
843 1601 987 1636 quantum
1002 1598 1044 1624 est

263 1664 381 1685 summa
409 1655 545 1688 bonitas;
579 1652 731 1687 objectum
758 1650 857 1676 autem
889 1646 982 1677 dotis,
1012 1643 1041 1670 in

265 1705 410 1741 quantum
425 1700 546 1729 unibilis
561 1700 591 1726 in
606 1706 700 1726 unum
717 1695 862 1732 spiritum.

301 1752 374 1779 Nota
389 1749 472 1785 quod
494 1747 568 1774 fides
590 1748 617 1773 et
638 1752 704 1780 spes
720 1741 883 1769 secundum
899 1747 961 1767 rem
978 1745 1044 1765 eva-

267 1798 433 1827 cuabuntur
447 1796 457 1812 ⁶
474 1795 504 1822 in
523 1793 633 1830 patria;
655 1790 779 1818 charitas
799 1795 869 1815 vero
889 1793 986 1821 neque
1002 1793 1046 1811 se-

267 1844 401 1873 cundum
410 1850 485 1876 rem,
495 1848 593 1876 neque
609 1836 773 1866 secundum
788 1837 886 1862 actum
902 1833 964 1867 ejus
979 1840 1045 1859 eva—

268 1891 414 1925 cuabitur,
434 1889 487 1917 sed
507 1887 605 1915 solum
621 1884 788 1913 secundum
811 1881 953 1913 modum,
975 1878 1046 1914 quia

268 1937 450 1975 imperfectio
468 1936 530 1970 ejus
549 1933 677 1962 tolletur.
701 1930 772 1958 Dicit
791 1931 889 1957 autem
912 1925 1046 1961 Augusti-

267 1995 341 2021 nus,
364 1984 448 2022 quod
468 1983 539 2011 fidei
562 1979 693 2009 succedit
713 1986 796 2014 spes,
823 1983 915 2012 quam
934 1972 1047 2001 videbi-

268 2042 351 2068 mus;
373 2032 435 2068 spei
455 2038 526 2059 vero
548 2027 679 2056 succedit
699 2023 867 2055 beatitudo,
893 2021 932 2049 ad
955 2028 1047 2056 quam

267 2079 439 2119 perventuri
458 2085 574 2111 sumus;
590 2074 643 2102 sed
659 2071 790 2101 charitati
809 2069 882 2098 nihil
899 2067 1047 2101 succedet,

270 2128 321 2156 sed
337 2126 436 2163 potius
451 2123 617 2160 augebitur.

305 2174 399 2203 'sertia
415 2173 470 2200 dos
485 2171 590 2199 animae
606 2170 648 2195 cst
662 2163 888 2201 comprehensio
898 2184 905 2197 ‚
926 2170 991 2198 quae
1008 2163 1050 2188 cst

270 2221 360 2250 tentio
376 2220 429 2247 visi
447 2220 474 2246 et
488 2217 587 2250 amati,
605 2215 651 2243 vel
665 2213 755 2242 tentio
770 2212 831 2239 veri
848 2210 920 2237 boni
935 2211 963 2237 et
977 2217 1050 2244 prze-

271 2268 342 2297 mii:
366 2269 394 2294 et
417 2265 495 2293 istud
513 2271 617 2291 verum
640 2263 698 2295 est,
722 2260 811 2295 prout
831 2256 1050 2292 cmnprchcmlerc

273 2314 397 2343 sumitur
415 2320 470 2349 pro
491 2312 639 2344 atti'nqere,
662 2309 690 2335 ct
710 2314 771 2334 non
791 2313 845 2341 pro
866 2303 1051 2337 circumplecti

275 2361 407 2390 divinam
421 2358 657 2388 immensitatem.

509 2451 652 2486 CAPUT
677 2447 814 2482 XXVII.

402 2528 440 2556 De
459 2525 572 2554 notibus
591 2524 710 2559 corporis
730 2523 759 2548 in
777 2518 909 2554 qeneralt'.

310 2597 499 2633 Unaquaeque
513 2602 582 2631 pars
599 2591 755 2629 perfectius
769 2589 859 2617 habet
873 2594 935 2614 esse
951 2586 981 2613 in
998 2592 1051 2612 suo

275 2646 349 2679 toto,
362 2651 454 2680 quam
470 2643 501 2672 in
514 2650 555 2670 se.
567 2640 648 2669 Unde
662 2639 738 2667 sieut
750 2637 851 2666 anima
864 2641 944 2663 nunc
958 2640 976 2661 a
991 2639 1053 2661 cor-

577 163 836 201 COMPENDIUM
854 161 1116 197 THEOLOGICAE
1137 160 1360 195 VERITATIS.
1384 160 1460 194 LIB.
1481 156 1549 194 vn.

1090 237 1164 266 pore
1177 229 1363 267 corruptibili
1381 230 1518 266 separata
1525 228 1683 266 perfectius
1689 229 1780 261 habet
1792 239 1867 268 esse,

1091 285 1184 313 quam
1202 277 1229 305 ei
1251 277 1426 313 conjuncta,
1446 275 1488 304 sic
1505 276 1536 304 in
1557 276 1656 305 futuro
1676 278 1868 315 reconJ'uncta

1092 323 1210 360 corpori
1230 323 1448 360 incorruptibili
1466 322 1624 360 perfectius
1647 331 1710 352 esse
1727 324 1868 362 habebit,

1073 398 1080 405 ,
1092 378 1185 407 quam
1198 371 1291 399 modo
1306 372 1441 407 separata
1453 379 1460 398 :
1475 370 1604 398 maxime
1620 378 1689 398 cum
1702 379 1764 400 non
1777 371 1870 409 impe‘-

1093 417 1191 446 diatur
1203 419 1274 446 ωηο
1290 426 1308 446 a
1321 425 1459 454 corpore,
1473 417 1547 445 sicut
1560 417 1668 454 modo;
1684 418 1758 455 quin
1771 419 1870 455 potius

1093 464 1131 492 de
1141 464 1356 500 glorificatione
1369 464 1502 501 corporis
1510 464 1634 493 habebit
1645 466 1716 493 tunc
1726 465 1872 501 gaudium

1092 512 1230 549 speciale.

1127 561 1214 588 Dotes
1234 560 1368 597 corporis
1387 562 1454 589 sunt
1468 562 1607 598 quatuor,
1623 568 1752 597 quarum
1769 568 1873 589 nume-

1092 614 1143 635 rus
1157 607 1198 636 sic
1212 607 1347 636 habetur.
1361 609 1434 636 Nam
1452 608 1492 636 ad
1511 608 1570 635 hoc
1585 607 1668 644 quod
1683 615 1792 644 corpus
1804 615 1873 644 per·

1092 653 1166 682 fecte
1184 654 1351 690 subjectum
1374 654 1412 682 sit
1427 654 1547 690 animae,
1569 662 1623 682 nec
1642 654 1786 691 impediat
1806 663 1873 683 eam

1093 700 1124 728 in
1145 701 1286 738 operibus
1300 701 1417 736 gloriae,
1437 703 1566 738 quatuor
1580 701 1781 738 requiruntur,
1797 710 1873 738 quo-

1093 756 1160 776 rum
1175 748 1236 776 duo
1258 748 1404 784 pertinent
1417 747 1457 776 ad
1477 756 1613 784 sensum,
1633 749 1692 777 alia
1706 749 1767 777 duo
1782 749 1873 786 perti-

1093 796 1165 822 nent
1182 794 1222 822 ad
1238 796 1363 822 motum.
1381 794 1486 828 Quoad
1500 803 1619 823 sensum
1637 795 1699 823 duo
1713 796 1873 832 requirun-

1094 843 1159 869 tur:
1181 849 1290 877 unum,
1314 843 1347 869 ut
1370 841 1406 869 sit
1424 841 1508 869 facile
1523 841 1693 878 receptibile
1708 843 1874 878 specierum

1096 888 1292 922 sensibilium,
1303 888 1341 916 ad
1354 887 1436 924 quod
1453 887 1581 924 disponit
1593 887 1709 916 claritas
1717 898 1725 924 ;
1738 889 1874 924 alterum,

1095 937 1127 963 ut
1141 943 1203 963 non
1217 935 1254 963 sit
1265 934 1435 971 receptibile
1447 935 1620 971 passionum
1634 935 1824 971 ignobilium,
1835 936 1875 964 ad

1095 982 1178 1018 quod
1207 982 1337 1018 disponit
1365 981 1594 1018 impassibilitas.
1625 982 1730 1016 Quoad
1760 985 1876 1011 motum

1096 1029 1185 1057 etiam
1200 1029 1261 1057 duo
1281 1029 1491 1065 requiruntur:
1514 1037 1607 1056 unum
1623 1031 1674 1064 cst,
1692 1032 1723 1057 ut
1737 1038 1790 1066 per
1805 1038 1875 1058 con-

1095 1076 1216 1104 trariam
1237 1075 1459 1104 inclinationem
1474 1084 1535 1104 non
1553 1075 1666 1104 resistat
1685 1085 1739 1104 suo
1754 1077 1875 1112 motori,

1095 1123 1135 1151 ad
1157 1122 1240 1159 quod
1263 1123 1394 1159 disponit
1417 1122 1549 1159 agilitas,
1569 1122 1670 1158 aliud,
1691 1125 1723 1151 ut
1737 1131 1874 1160 corpora,

1095 1178 1149 1207 per
1170 1178 1237 1206 quae
1258 1172 1405 1205 movetur,
1431 1177 1493 1198 non
1515 1170 1650 1198 resistant
1670 1170 1712 1205 ei,
1734 1170 1774 1198 ad
1793 1171 1876 1207 quod

1096 1217 1226 1254 disponit
1241 1217 1396 1245 subtilitas.

1132 1264 1196 1293 Alia
1211 1264 1385 1292 sufficientia
1399 1263 1464 1292 talis
1479 1265 1531 1299 est,
1545 1264 1615 1300 quia
1629 1264 1658 1291 in
1670 1263 1791 1293 homine
1804 1273 1877 1302 qua-

1097 1312 1222 1348 druplex
1243 1314 1285 1340 est
1308 1312 1494 1348 compositio.
1516 1312 1611 1340 Prima
1635 1315 1677 1341 est
1700 1313 1877 1349 qualitatum

1097 1359 1331 1387 contrariarum:
1358 1359 1421 1387 brec
1445 1359 1621 1400 compositio
1644 1362 1713 1388 tunc
1734 1360 1788 1388 erit
1809 1368 1877 1396 per-

1096 1406 1185 1440 fecta,
1213 1406 1336 1442 quando
1362 1406 1517 1442 qualitates
1545 1406 1585 1434 ita
1609 1406 1821 1442 aequabuntur,
1846 1409 1879 1435 ut

1097 1454 1179 1481 nulla
1201 1453 1237 1481 sit
1258 1461 1358 1490 pugna
1373 1453 1459 1481 unius
1474 1455 1576 1481 contra
1591 1452 1680 1481 aliam
1695 1463 1701 1481 z
1722 1455 1749 1481 et
1767 1453 1824 1482 hoc
1839 1453 1878 1481 sa-

1099 1501 1154 1529 ciet
1168 1501 1396 1538 impassibilitas.
1414 1501 1548 1529 Secunda
1566 1502 1608 1528 est
1624 1500 1800 1537 compositio
1815 1509 1878 1529 ma-

1098 1549 1175 1576 terim
1192 1556 1259 1576 cum
1276 1548 1370 1576 forma
1387 1558 1393 1575 :
1414 1548 1475 1576 hcec
1497 1550 1595 1575 autem
1618 1547 1794 1584 compositio
1810 1549 1879 1575 tunc

1099 1596 1153 1623 erit
1166 1596 1304 1631 perfecta,
1318 1595 1439 1631 quando
1455 1594 1578 1622 materia
1595 1595 1726 1622 vincetur
1738 1602 1755 1622 a
1767 1594 1877 1622 forma:

1099 1651 1190 1678 penes
1217 1643 1292 1670 hanc
1325 1642 1537 1678 perfectionem
1571 1641 1695 1669 sumitur
1724 1641 1877 1669 subtilitas.

1099 1689 1192 1716 'sertia
1217 1691 1259 1716 cst
1287 1689 1463 1724 compositio
1491 1688 1625 1723 corporis
1652 1688 1782 1723 organici
1812 1695 1880 1715 cum

1100 1738 1215 1764 anima:
1234 1736 1372 1772 perfectio
1389 1736 1470 1763 istius
1485 1735 1707 1771 compositionis
1729 1737 1780 1769 cst,
1798 1735 1882 1771 quod

1102 1784 1203 1811 omnia
1225 1791 1338 1819 organa
1361 1783 1422 1810 sine
1447 1782 1661 1819 impedimento
1681 1782 1738 1810 sint
1756 1782 1881 1810 mobilia

1101 1831 1139 1858 ab
1164 1831 1283 1858 anima:
1312 1838 1403 1866 penes
1424 1830 1498 1858 hanc
1518 1829 1730 1865 perfectionem
1755 1829 1881 1857 sumitur

1102 1878 1225 1913 agilitas.
1247 1879 1355 1911 Quarta
1384 1876 1561 1913 compositio
1588 1879 1630 1904 est
1657 1875 1790 1912 corporis
1813 1883 1882 1903 cum

1102 1925 1252 1961 spiritibus
1275 1924 1396 1958 lucidis,
1419 1923 1528 1960 quibus
1551 1925 1687 1951 movetur
1713 1931 1821 1959 corpus
1842 1922 1881 1950 ab

1103 1971 1220 1999 anima:
1245 1974 1271 1999 et
1285 1971 1353 1998 huic
1369 1970 1577 2006 compositioni
1593 1970 1756 1998 secundum
1770 1969 1882 2005 perfec-

1103 2021 1165 2046 tum
1181 2021 1288 2046 statum
1306 2017 1467 2054 respondet
1481 2017 1606 2045 claritas.

1141 2066 1234 2093 Tertio
1250 2065 1374 2093 sumitur
1393 2064 1598 2101 praedictarum
1613 2063 1727 2092 dotium
1742 2071 1883 2090 numerus

1105 2112 1269 2140 secundum
1283 2112 1492 2148 proprietates,
1508 2120 1574 2147 quae
1589 2113 1655 2138 sunt
1670 2111 1700 2137 in
1720 2109 1880 2137 elementis.

1103 2161 1175 2187 Nam
1190 2167 1279 2195 penes
1294 2167 1379 2194 aqu-”e
1395 2157 1638 2193 transparentiam
1658 2156 1783 2184 sumitur
1797 2156 1883 2183 clari-

1104 2210 1162 2240 tas3
1179 2214 1269 2242 penes
1286 2208 1368 2233 tcrrae
1383 2205 1559 2232 soliditatem
1580 2204 1704 2231 sumitur
1719 2202 1884 2239 impassibi-

1104 2253 1182 2287 litas3
1198 2260 1289 2288 penes
1303 2252 1477 2279 tenuitatem
1491 2251 1569 2286 ignis
1584 2250 1710 2278 sumitur
1723 2250 1881 2284 subtilitas;

1104 2308 1195 2336 penes
1209 2299 1407 2326 mobilitatem
1423 2298 1497 2325 acris
1513 2297 1637 2325 sumitur
1651 2297 1775 2332 agilitas

1142 2348 1250 2380 Quarto
1271 2347 1428 2374 sumuntur
1447 2345 1507 2373 istoe
1524 2345 1607 2372 dotes
1626 2344 1790 2372 secundum
1806 2351 1878 2379 qua-

1106 2397 1172 2422 tuor
1187 2393 1331 2427 desectus,
1358 2401 1432 2428 quos
1448 2392 1539 2420 habet
1559 2399 1665 2428 corpus
1686 2391 1851 2418 humanum
1866 2397 1884 2417 a

1107 2443 1234 2477 quatuor
1268 2440 1420 2468 elementis
1432 2461 1439 2474 ,
1471 2439 1507 2467 de
1542 2438 1651 2475 quibus
1685 2437 1882 2473 componitur.

1107 2488 1198 2516 Habet
1213 2487 1292 2515 enim
1308 2495 1415 2523 corpus
1430 2486 1595 2514 humanum
1610 2485 1649 2512 ab
1669 2484 1737 2520 igne
1754 2483 1884 2513 calidita-

1140 2564 1145 2576 ¹
1166 2563 1223 2589 Im..
1243 2567 1296 2590 mx,
1314 2564 1336 2585 2.
1352 2574 1378 2578 —-
1394 2562 1401 2576 ²
1414 2562 1492 2590 Rom,
1511 2566 1530 2590 1,
1547 2560 1584 2583 20.
1602 2572 1632 2577 —
1644 2559 1677 2582 ³1
1694 2559 1762 2590 Corn,
1777 2565 1804 2589 x,
1819 2560 1884 2583 G.—

1108 2597 1210 2660 ’ΧΙΙίιεαῐί3
1222 2603 1319 2627 cxvm,
1343 2598 1395 2621 130.
1416 2610 1447 2615 —
1465 2596 1475 2612 ⁵
1494 2595 1578 2626 apoc„
1599 2601 1631 2625 11,
1652 2596 1689 2619 to,
1711 2608 1738 2613 -
1761 2596 1772 2610 Β
1792 2594 1884 2624 {Cor.‚

1160 2651 1169 2665 ,
1214 2651 1219 2656 .
