2004 3037
173 1616 267 1642 Signum

170 1648 249 1674 triplex

167 1679 264 1699 hominis

183 1710 244 1729 mitis

159 1747 209 1761 cum
221 1743 266 1762 Deo

164 1772 261 1793 familia-

170 1804 256 1824 ritatem

160 1835 262 1856 habentis

612 177 658 209 DE
681 169 1015 209 BEATlTUDINlBUS
1037 167 1311 201 EVANGELICIS.
1335 167 1421 200 CAP.
1449 167 1485 199 ll.

261 246 400 284 praeferre
416 253 446 275 se
460 245 587 282 aequali,
603 246 631 273 et
643 244 706 273 hoec
721 243 764 272 est
782 241 931 270 sufficiens
947 240 975 267 et
988 244 1044 266 ne-

263 294 411 329 cessaria;
439 292 588 322 secundus
614 290 726 328 gradus
749 291 793 318 est
813 288 935 317 subesse
958 284 1044 322 pari,

263 349 318 369 nec
333 349 363 368 se
377 339 515 377 praeferre
529 338 656 372 minori,
677 345 732 365 nec
752 336 830 364 velle
851 333 1001 372 praeferri,
1017 333 1046 360 et

265 390 307 416 est
321 387 472 422 humilitas
482 386 604 422 copiosa
614 394 622 421 ;
634 384 734 413 tertius
749 383 859 419 gradus
873 383 916 410 est
926 380 1046 408 subesse

265 434 393 468 minori,
414 435 442 462 et
455 432 567 461 nemini
588 431 739 468 praeferri,
758 432 786 458 et
800 430 862 457 haec
886 430 928 457 est
949 425 1046 455 humi-

265 481 330 510 litas
355 480 501 508 excellens
517 480 545 507 et
563 478 702 515 perfecta.
729 479 761 506 Et
784 477 853 505 ideo
875 473 1046 507 humilitaS,

266 537 335 557 cum
349 527 394 555 his
415 526 559 562 gradibus
575 526 651 561 suis,
667 525 819 560 eleganter
835 523 980 558 figuratur
994 527 1048 557 per

266 575 356 603 altare
377 573 580 608 tabernaculi,
596 572 679 609 quod
695 571 827 599 habebat
849 572 908 598 tres
932 568 1048 596 cubitos

266 622 297 650 in
314 621 484 656 altitudine,
500 623 533 651 ut
547 619 655 647 dicitur
669 619 700 647 in
714 618 807 646 Exodo
823 617 842 644 ¹.

302 669 390 703 Item,
417 667 584 695 secundum
614 666 705 700 alios,
737 664 847 700 gradus
874 661 1049 691 humilitatis

266 717 335 743 sunt
349 716 478 751 quatuor
495 723 500 742 :
517 714 632 754 primus
658 715 700 741 est
719 719 858 748 spernere
881 709 1029 738 mundum
1039 718 1047 744 ς

267 762 415 790 secundus
428 783 436 796 ,
461 769 599 798 spernere
623 760 761 794 nullum;
788 758 889 786 tertius
909 758 952 784 est
969 763 1049 792 sper-

266 818 338 838 nere
353 809 482 844 scipsum
492 818 500 843 3
517 809 640 843 quartus
661 808 703 835 est
722 808 912 834 contemnere
928 812 958 831 se
973 811 1049 830 sem·

267 865 331 892 per,
348 855 396 883 vel
411 863 471 883 non
488 862 591 882 curare
607 854 652 881 sui
668 854 883 888 contemptum.
904 851 973 878 Ideo
995 850 1051 877 hu-

269 903 377 932 militas
394 910 448 939 per
469 901 558 929 istum
574 900 801 937 quadruplicem
825 898 954 934 gradum
976 897 1051 931 figu-

269 952 350 978 ratur
365 949 435 977 satis
449 950 549 985 aperte
572 956 625 984 per
644 947 807 980 rationale,
829 946 860 973 in
883 953 944 981 quo
970 944 1054 971 erant

270 999 400 1033 quatuor
414 1004 517 1024 versus
531 995 580 1023 vel
595 994 716 1023 ordines
731 1001 936 1029 gemmarum,
953 994 986 1020 ut
999 992 1052 1020 ha-

273 1045 360 1073 betur
374 1044 406 1072 in
419 1044 512 1072 Exodo
525 1043 546 1071 ².

555 1156 699 1190 CAPUT
724 1156 766 1188 II.

416 1245 454 1271 De
473 1243 696 1275 Mansuetudivze,
717 1242 759 1269 vel
778 1242 910 1269 Militate.

312 1328 351 1354 De
376 1326 604 1354 mansuetudine
628 1326 677 1353 vel
696 1325 839 1360 militate,
861 1333 927 1361 quae
949 1327 992 1352 est
1013 1332 1058 1352 se-

277 1374 384 1408 cunda,
397 1373 551 1401 beatitudo
562 1395 569 1407 ‚
582 1372 749 1409 specialiter
764 1375 831 1400 sunt
840 1372 896 1400 tria
908 1371 1057 1399 notanda:

277 1421 368 1449 habet
382 1421 462 1449 enim
475 1420 672 1448 mansuetudo
683 1441 690 1454 ,
706 1419 754 1447 vel
769 1419 877 1446 militas
888 1440 897 1453 ,
912 1427 1018 1454 pacem
1033 1421 1060 1446 et

279 1468 449 1495 societatem
470 1475 537 1494 eum
551 1467 708 1502 proximo,
724 1466 848 1501 gratiam
864 1468 892 1493 et
906 1465 1060 1492 familiari-

280 1516 370 1542 tatem
385 1523 453 1542 cum
470 1516 543 1547 Deo,
564 1516 592 1541 et
611 1521 738 1548 regnum
761 1515 788 1540 et
807 1512 1010 1540 haereditatem
1030 1511 1061 1539 in

282 1562 368 1590 coelo.

318 1609 410 1636 Habet
421 1616 552 1644 namque
567 1608 659 1635 homo
676 1607 753 1635 mitis
766 1609 794 1634 et
807 1609 977 1634 mansuetus
993 1615 1062 1634 cum

282 1656 420 1691 proximo
430 1655 752 1691 paeemetsocietatem,
761 1657 788 1682 et
804 1662 870 1681 cum
878 1654 923 1681 his
932 1653 982 1690 qui
993 1654 1061 1681 ode·

282 1705 473 1738 runtpacem,
493 1702 546 1730 scit
558 1710 621 1729 esse
629 1702 780 1737 pacificus.
802 1701 880 1728 Sicut
899 1701 978 1728 enirn
990 1709 1061 1728 con-

282 1752 325 1778 tra
340 1750 473 1786 lapidem
493 1749 638 1776 machinae
653 1748 814 1784 opponitur
828 1748 941 1784 aliquid
955 1748 1063 1782 molle,

280 1805 334 1833 per
350 1797 434 1832 quod
448 1796 592 1831 frangitur
615 1796 743 1831 impetus
758 1794 908 1822 violentiae
923 1803 998 1829 suae3
1022 1795 1062 1822 sic

282 1846 309 1871 ct
322 1844 367 1871 vir
379 1844 457 1870 mitis
467 1843 576 1877 frangit
589 1843 674 1876 iram,
685 1844 712 1870 et
726 1842 903 1878 impetumin
915 1842 1063 1877 dignatio-

282 1890 346 1924 nis,
369 1890 552 1925 opponendo
572 1889 728 1917 mollitiem
747 1889 968 1925 responsionis,
988 1889 1064 1916 utin

285 1938 435 1964 Proverbiis
450 1938 531 1972 patet
542 1938 552 1953 ³
567 1945 573 1963 ι
590 1938 736 1970 Responsio
753 1938 841 1963 mollis
856 1937 962 1970 franqit
982 1938 1062 1963 iram.

321 1983 412 2011 Habet
432 1983 520 2010 etiam
540 1983 631 2010 homo
651 1983 730 2010 mitis
746 1991 813 2010 eum
833 1985 890 2010 Deo
910 1982 1064 2010 familiari-

284 2032 383 2058 tatem.
402 2032 433 2057 Et
447 2031 518 2057 nota
530 2051 537 2064 ,
555 2029 636 2065 quod
653 2029 771 2064 signum
785 2029 893 2065 triplex
907 2031 965 2063 est,
981 2029 1065 2065 quod

284 2078 376 2106 homo
402 2077 480 2105 mitis
509 2079 567 2104 Deo
592 2077 628 2104 sit
650 2076 814 2104 familiaris
844 2076 974 2104 Primum
1001 2078 1063 2111 est,

285 2125 368 2160 quod
384 2126 458 2152 Deus
480 2125 565 2151 mites
590 2124 717 2151 libenter
732 2123 872 2157 exaudit,
889 2123 963 2150 sicut
980 2123 1064 2150 vide-

285 2180 351 2198 mus
367 2171 450 2207 quod
465 2180 482 2199 a
498 2180 566 2206 rege
582 2171 725 2205 obtinent,
743 2170 826 2206 quod
840 2170 953 2201 volunt,
971 2170 1021 2205 qui
1038 2170 1065 2196 ei

284 2218 445 2246 familiares
469 2218 605 2246 existunt.
633 2218 714 2245 Unde
733 2218 840 2245 dieitur
862 2217 893 2244 in
914 2217 992 2244 libro
1015 2218 1063 2243 Ju-

286 2266 347 2292 dith
362 2266 371 2282 ”
389 2267 561 2293 :Humilium
576 2269 600 2293 et
612 2269 812 2293 mansuetorum
825 2266 876 2291 tibi
890 2272 993 2299 semper
1004 2265 1066 2298 pla-

286 2314 343 2339 cuit
371 2313 532 2346 doprecatto.
560 2313 729 2340 Secundum
754 2312 871 2347 signum
898 2313 958 2344 est,
981 2310 1066 2346 quod

288 2362 362 2388 Deus
381 2361 411 2388 in
426 2361 526 2388 anima
545 2361 607 2388 miti
624 2361 750 2388 libenter
770 2362 876 2396 pausat
890 2362 917 2386 et
932 2358 1042 2385 dormit
1057 2367 1063 2385 :

287 2408 485 2436 mansuetudo
511 2408 591 2435 enim
617 2410 659 2435 est
682 2408 755 2435 sicut
775 2407 896 2435 culcitra
917 2405 1015 2433 mollis
1036 2405 1067 2432 in

287 2455 363 2483 lecto
386 2455 495 2483 florido
520 2455 722 2490 continentiae,
757 2455 793 2482 dc
818 2463 878 2490 quo
905 2453 1011 2481 dicitur
1037 2452 1068 2480 in

290 2502 409 2530 Cantim's
423 2503 433 2518 ⁵
452 2511 458 2529 :
476 2503 599 2530 Lectulus
626 2505 714 2529 noster
734 2502 859 2537 floridus.
886 2501 1011 2528 Tertium
1031 2499 1068 2527 si-

289 2556 382 2583 gnum
397 2552 452 2584 est,
470 2549 552 2584 quod
569 2551 643 2576 Deus
658 2549 696 2577 ad
711 2549 877 2577 videndum
893 2551 920 2575 et
940 2547 1067 2582 loquen-

322 2611 432 2642 1Εποιί.,
451 2618 533 2642 xxvii,
552 2615 617 2636 1.-
629 2613 639 2628 ²
653 2612 746 2642 Exosl„
760 2618 851 2642 xxx1x,
869 2615 906 2636 10.
920 2624 950 2628 -
961 2611 970 2626 ³
984 2611 1068 2640 Pron„

290 2652 332 2677 xv,
350 2648 372 2671 1.
384 2648 431 2665 —⁴
443 2647 540 2677 Judith,
554 2654 592 2679 ix,
610 2649 648 2672 16.
660 2661 690 2666 —
701 2649 711 2665 ὅ
729 2648 812 2677 Cant„
829 2654 847 2679 1,
864 2649 902 2672 16.
913 2660 943 2665 -
955 2647 964 2660 ‘⁴'
975 2646 1067 2677 Exod..

1821 170 1878 200 317

1102 235 1176 264 dum
1191 243 1222 264 se
1238 235 1368 264 ostendit
1381 236 1483 264 mitem
1494 257 1503 271 ,
1518 234 1567 263 vel
1582 233 1701 263 exhibet
1715 243 1722 262 :
1739 234 1813 262 sicut
1833 235 1880 263 vi-

1103 282 1209 311 demus
1225 283 1308 319 quod
1323 282 1366 310 illi
1377 303 1386 318 ‚
1406 282 1457 319 qui
1473 284 1541 311 sunt
1558 280 1718 310 familiares
1733 281 1880 318 praelatis,

1104 329 1227 366 quando
1242 329 1365 364 volunt,
1387 329 1426 358 ad
1450 338 1501 358 eos
1516 329 1641 363 intrant,
1668 331 1696 357 et
1718 329 1883 365 loquuntur

1103 385 1158 413 pro
1173 377 1325 406 voluntate
1341 385 1409 405 cum
1422 377 1464 404 eis
1477 387 1483 409 3
1498 377 1538 405 sic
1553 377 1645 405 homo
1660 376 1738 404 mitis
1750 376 1884 412 loquitur

1104 433 1172 452 cum
1188 426 1246 452 Deo
1258 446 1266 460 ,
1282 424 1357 452 utin
1384 424 1476 452 Eaeodo
1491 424 1500 440 ‘³
1514 423 1620 459 legitur
1639 423 1676 451 de
1697 425 1795 460 Moyse
1806 443 1814 457 ,
1835 423 1884 459 qui

1105 473 1264 507 loquebatur
1278 480 1338 499 cum
1355 473 1406 499 Deo
1427 472 1500 505 faeie
1524 471 1560 498 ad
1578 472 1698 505 faciem,
1723 473 1794 499 sicut
1817 472 1883 498 solet

1105 519 1181 554 loqui
1197 520 1298 546 amicus
1313 518 1350 546 ad
1364 519 1480 546 amicum
1494 526 1580 546 suum.
1605 519 1699 546 Causa
1713 518 1790 546 inter
1811 518 1885 546 alias

1106 567 1187 601 erat,
1211 567 1282 602 quia
1306 567 1381 594 homo
1400 567 1560 594 mitissimus
1582 567 1655 598 erat,
1676 567 1708 593 ut
1726 565 1832 594 dicitur
1854 565 1885 593 in

1105 615 1232 642 Numeris
1245 613 1265 641 ⁷.

1142 661 1235 690 Habet
1258 660 1379 697 insuper
1408 661 1500 689 homo
1525 660 1604 688 mitis
1627 660 1828 688 haereditatem
1855 660 1885 688 in

1107 708 1198 743 coelo,
1215 710 1247 736 ut
1262 707 1369 736 dicitur
1383 707 1414 736 in
1427 709 1558 736 Mattlzoeo
1573 707 1583 723 ⁸
1600 717 1606 735 :
1620 709 1698 735 Beati
1711 709 1806 743 mites,
1821 716 1885 744 quo-

1107 758 1181 783 niam
1196 757 1253 791 ipsi
1267 756 1442 791 possidebunt
1459 757 1571 788 terram,
1588 755 1698 782 scilicet
1711 755 1885 783 viventium.

1108 805 1143 831 Et
1156 804 1228 831 nota
1243 803 1327 839 quod
1341 802 1449 838 triplex
1462 804 1505 830 est
1518 802 1604 837 ratio,
1620 810 1711 838 quare
1722 802 1808 830 mites
1822 810 1888 838 pos-

1109 851 1207 878 sident
1221 850 1340 878 coelum.
1357 849 1453 877 Prima
1470 851 1527 884 est,
1545 849 1615 885 quia
1629 849 1685 886 ipsi
1699 849 1889 885 possidentur

1110 905 1127 925 a
1144 899 1217 932 Deo,
1234 898 1262 925 et
1284 897 1354 925 ideo
1377 897 1443 932 lege
1463 896 1673 924 vicissitudinis
1693 895 1891 932 possidebunt

1111 946 1203 973 Deum
1225 944 1256 972 in
1271 944 1356 978 coe103
1374 943 1444 980 quia
1466 943 1537 971 dicit
1557 943 1755 979 Augustinus⁹
1770 952 1777 970 :
1795 953 1809 969 «
1823 942 1891 971 Nul-

1110 991 1167 1019 lius
1190 991 1244 1019 erit
1268 991 1318 1019 Dei
1338 991 1486 1027 possessio
1499 1012 1507 1025 ,
1531 990 1588 1018 nisi
1609 991 1690 1026 ejus,
1715 998 1806 1026 quem
1826 989 1889 1026 ipse

1110 1039 1193 1075 prius
1207 1039 1380 1075 possederit.
1395 1048 1409 1065 ³>
1427 1038 1562 1066 Secunda
1577 1038 1652 1066 ratio
1669 1040 1730 1071 est,
1752 1037 1823 1073 quia
1836 1037 1892 1065 mi-

1112 1088 1154 1114 tes
1175 1086 1329 1122 possident
1344 1085 1436 1114 corda
1451 1093 1520 1119 sua,
1535 1087 1563 1113 et
1584 1085 1777 1113 dominantur
1793 1084 1894 1120 sibiip-

1113 1133 1170 1168 sis;
1188 1133 1272 1169 quod
1287 1141 1347 1162 non
1363 1133 1475 1161 faciunt
1489 1132 1642 1167 iracundi,
1658 1132 1719 1160 imo
1735 1132 1780 1159 ira
1799 1131 1896 1159 domi-

1114 1182 1201 1208 natur
1223 1181 1274 1208 eis.
1296 1180 1366 1208 Ideo
1389 1180 1460 1208 dicit
1481 1179 1602 1215 Sapiens
1619 1178 1637 1195 '⁰
1653 1189 1659 1207 :
1676 1180 1775 1207 Melior
1790 1180 1828 1206 est
1847 1180 1896 1213 qui

1114 1228 1272 1255 dominatur
1286 1229 1377 1255 animo
1390 1249 1398 1259 ,
1415 1229 1599 1263 eac-pugnatore
1612 1227 1731 1254 urbium.
1746 1225 1839 1253 Tertia
1853 1233 1898 1253 ra-

1115 1274 1155 1302 tio
1171 1276 1224 1308 est,
1239 1274 1311 1310 quia
1323 1274 1408 1302 mites
1420 1273 1575 1310 possident
1584 1273 1631 1300 hic
1643 1273 1725 1300 bona
1736 1280 1800 1300 sua.
1817 1272 1897 1300 Mites

1115 1324 1216 1349 autem
1231 1322 1326 1349 sciunt
1340 1321 1388 1349 hic
1402 1321 1484 1349 bona
1500 1320 1665 1357 spiritualia
1680 1319 1791 1356 optime
1806 1319 1898 1356 possi-

1116 1369 1200 1404 dere,
1227 1369 1299 1405 quia
1313 1369 1397 1396 nulla
1416 1368 1579 1396 adversitas
1600 1369 1693 1404 potest
1708 1367 1748 1395 eis
1763 1367 1828 1403 ipsa
1846 1374 1897 1394 au-

1115 1415 1191 1443 ferre
1206 1425 1212 1443 :
1230 1416 1314 1452 quod
1328 1415 1465 1443 iracundi
1480 1415 1576 1443 facere
1591 1415 1746 1449 nesciunt3
1762 1415 1823 1442 imo
1842 1414 1896 1442 ho-

1116 1470 1155 1490 na
1170 1462 1345 1498 spiritualia,
1362 1462 1386 1489 si
1399 1471 1465 1498 quae
1479 1462 1600 1496 habent,
1614 1469 1668 1497 per
1682 1461 1898 1497 impatientiam

1115 1509 1259 1545 perdunt,
1274 1510 1307 1536 ut
1326 1509 1435 1536 dicitur
1449 1509 1480 1536 in
1498 1509 1646 1536 Proverbiis
1663 1508 1682 1526 ¹¹
1699 1517 1707 1534 ε
1729 1509 1782 1541 Qui
1806 1510 1895 1542 impa-

1118 1558 1188 1583 tiens
1204 1559 1261 1590 est,
1277 1557 1423 1584 sustinebit
1438 1557 1583 1589 damnum,
1598 1555 1709 1583 seilicet
1722 1563 1784 1582 non
1797 1555 1895 1583 solum

1117 1603 1190 1631 boni
1206 1603 1372 1637 exterioris,
1397 1603 1480 1638 quod
1495 1602 1593 1638 perdit
1612 1602 1642 1629 in
1658 1602 1721 1637 via3
1738 1602 1792 1629 sed
1807 1602 1895 1630 etiam

1118 1650 1190 1678 boni
1206 1650 1369 1683 interioris,
1385 1649 1469 1686 quod
1483 1649 1545 1685 ipse
1562 1649 1696 1677 effundit.
1713 1649 1792 1677 Miles
1808 1649 1896 1677 etiam

1118 1698 1200 1725 bona
1228 1697 1404 1733 temporalia
1426 1696 1580 1732 possidere
1605 1696 1719 1730 sciunt,
1742 1696 1813 1732 quia
1839 1696 1895 1724 sibi

1118 1753 1180 1772 non
1191 1744 1363 1780 permittunt
1374 1743 1521 1771 dominari
1538 1752 1543 1770 :
1561 1743 1644 1779 quod
1655 1743 1789 1770 nesciunt
1800 1743 1896 1771 facere

1119 1792 1201 1819 avari
1223 1794 1250 1819 et
1274 1791 1392 1827 cupidi,
1415 1791 1486 1827 quia
1513 1790 1685 1818 divitiarum
1707 1798 1828 1818 suarum
1847 1798 1897 1818 ne-

1119 1839 1214 1867 sciunt
1227 1847 1290 1867 esse
1306 1838 1434 1872 domini,
1452 1839 1504 1865 sed
1519 1838 1617 1873 potius
1632 1837 1726 1870 servi,·
1742 1838 1813 1873 quia
1828 1837 1897 1864 dici-

1119 1889 1165 1914 tur
1185 1887 1215 1914 in
1237 1885 1352 1914 Psalmo
1372 1886 1390 1901 ¹2
1408 1894 1414 1912 :
1436 1886 1497 1912 Viri
1514 1885 1693 1917 divitiarium
1712 1893 1774 1912 non
1789 1884 1897 1912 divitiae

1118 1934 1263 1961 virorum.
1280 1933 1352 1966 Quia
1369 1932 1457 1967 igitur
1472 1932 1558 1959 mites
1569 1953 1579 1966 ,
1597 1933 1629 1959 ut
1649 1931 1762 1959 dictum
1785 1933 1846 1965 est,
1867 1939 1896 1958 sc

1120 1982 1148 2007 et
1162 1989 1216 2008 sua
1231 1980 1385 2015 possidere
1409 1979 1522 2013 sciunt,
1542 1978 1647 2006 merito
1667 1980 1775 2006 terram
1800 1978 1898 2005 viven-

1119 2027 1193 2054 tium
1207 2026 1412 2062 possidebunt.

1156 2076 1188 2100 Et
1203 2075 1288 2107 nota,
1307 2073 1390 2109 quod
1409 2073 1564 2100 militatem
1582 2071 1626 2099 vel
1639 2072 1898 2100 mansuetudinem

1120 2120 1249 2148 hominis
1269 2122 1374 2147 natura
1395 2119 1554 2152 ministrat,
1572 2118 1705 2154 corporis
1728 2118 1824 2154 figura
1848 2119 1899 2146 dc-

1122 2168 1266 2194 monstrat
1285 2187 1294 2200 ,
1326 2168 1353 2193 et
1381 2165 1503 2193 canonis
1532 2165 1678 2201 scriptura
1698 2165 1898 2193 commendat⁴

1122 2213 1224 2241 Mititas
1239 2213 1327 2248 igitur
1340 2221 1355 2240 a
1369 2215 1477 2240 natura
1500 2212 1682 2239 ministratur
1693 2233 1701 2246 ,
1722 2215 1749 2239 et
1767 2220 1835 2239 cum
1850 2213 1900 2239 ho-

1122 2260 1201 2288 mine
1216 2269 1232 2287 a
1247 2262 1353 2288 natura
1368 2259 1540 2295 copulatur,
1555 2259 1604 2286 vel
1619 2260 1792 2286 concreatur
1808 2268 1813 2286 :
1831 2267 1901 2286 nam

1123 2307 1193 2335 (licit
1214 2307 1424 2342 Philosophus,
1445 2306 1529 2342 quod
1549 2306 1641 2333 homo
1665 2309 1706 2333 est
1726 2306 1837 2333 animal
1851 2314 1903 2333 na-

1123 2357 1188 2382 tura
1216 2356 1413 2382 mansuetum.
1445 2353 1523 2380 Sicut
1550 2352 1630 2380 leoni
1652 2361 1670 2380 a
1694 2355 1801 2380 natura
1829 2352 1903 2379 inest

1124 2401 1282 2429 crudelitas
1294 2422 1302 2435 ,
1319 2401 1360 2427 sie
1376 2400 1492 2428 homiui
1507 2399 1706 2427 mansuetudo
1721 2400 1769 2427 vel
1783 2399 1901 2435 militas.

1122 2450 1289 2477 Mansuetus
1312 2447 1392 2475 enim
1416 2447 1523 2475 dicitur
1548 2446 1633 2482 quasi
1658 2455 1739 2473 manu
1758 2449 1879 2475 assuetus
1893 2456 1903 2474 .-

1124 2542 1222 2564 xxxui,
1244 2536 1266 2559 9.
1289 2548 1316 2552 —
1340 2535 1347 2548 ⁷
1370 2534 1455 2561 Num„
1478 2539 1529 2563 ΧΠ,
1553 2534 1575 2556 3.
1594 2545 1624 2549 --
1644 2532 1654 2547 ⁸
1673 2531 1776 2561 Mutua,
1794 2537 1818 2562 v,
1839 2533 1861 2555 4.
1875 2544 1904 2550 -

1124 2573 1133 2589 ⁹
1150 2573 1204 2596 luto
1222 2571 1320 2596 Paulis,
1331 2569 1481 2601 Aquileins.‚
1495 2568 1611 2592 zleSalut.
1621 2568 1733 2597 Ducum„
1743 2574 1766 2592 c,
1780 2573 1805 2598 x,
1821 2569 1905 2599 quoad

1125 2615 1239 2638 sensum,
1258 2607 1325 2630 iuter
1345 2607 1421 2636 Oper.
1435 2607 1510 2636 Aug„
1520 2603 1630 2635 append.
1640 2604 1905 2635 tom.V1.—¹⁰P1·ov.‚

1123 2650 1177 2675 xv1,
1194 2646 1233 2668 32.
1244 2656 1275 2662 --
1292 2642 1308 2658 ¹¹
1322 2643 1406 2672 Pron„
1422 2647 1475 2672 xix,
1493 2642 1571 2666 19.-—
1586 2640 1603 2655 ¹2
1614 2639 1682 2663 Psal.
1698 2645 1777 2671 nxxv,
1792 2642 1813 2665 6.
