2004 3037
252 175 313 207 560

250 242 353 272 stravit
368 250 376 270 ι
391 240 565 278 exemplum
584 240 624 270 de
637 241 742 276 Maria,
759 241 797 270 de
815 242 969 279 matthaeo,
990 242 1029 272 de

249 288 387 324 zachaeo,
403 288 441 317 de
459 289 555 317 Petro.
570 287 642 316 item
664 295 720 325 per
733 287 942 318 similitudines
954 297 1030 327 quas

248 335 382 372 ponebat
406 335 446 364 de
471 342 547 370 ove,
571 343 638 372 quae
660 335 749 372 periit
771 335 803 364 in
826 335 944 366 deserto
956 346 966 373 ;
990 336 1030 366 de

248 382 407 418 drachma,
422 390 517 419 quam
533 381 643 411 mulier
660 382 792 419 perdidit
805 383 837 412 in
857 383 970 420 domo3
991 383 1030 413 de

247 431 326 467 filio,
342 439 435 468 quem
448 432 533 468 pater
546 430 705 467 reputabat
719 433 889 468 mortuum,
903 433 932 461 et
945 434 1028 469 post-

247 486 284 508 ea
297 478 453 507 suscitatus
466 479 519 513 est,
535 478 613 513 Luc„
627 486 678 514 xv,
691 479 747 507 etc.

281 525 372 555 Maria
393 525 586 562 Magdalena,
606 524 751 562 ‚exemplo
771 525 951 562 poenitentiae
966 533 1030 555 non

243 573 327 610 Jusso
345 573 381 609 (a)
390 594 399 608 ‚
413 572 494 601 venit
506 571 547 601 ad
565 572 725 601 Dominum
734 593 744 608 ,
759 573 954 602 convivantes
967 580 1029 602 non

245 620 378 655 erubuit,
389 627 408 648 a
420 622 500 648 retro
513 628 598 649 secus
607 620 700 658 pedes
717 621 834 650 Domini
848 621 935 658 stetit,
952 622 1030 650 inter

246 667 350 704 epulas
364 666 513 704 lacrymas
528 667 645 696 obtulit.
663 669 742 702 Luc„
758 676 814 703 vn,
828 670 921 698 37-38.

281 715 315 743 Ut
326 714 480 743 induceret
497 715 639 743 Dominus
648 715 786 744 homines
801 715 842 744 ad
857 715 1030 744 faciendum

244 762 464 799 poenitentiam,
479 761 564 798 ponit
585 762 758 799 exemplum
775 762 813 791 de
827 762 1028 799 quibusdam,

245 816 335 846 super
357 817 434 846 quos
457 808 564 838 cecidit
582 809 671 838 turris
693 809 725 837 in
750 809 847 845 Siloe,
871 811 900 838 et
921 808 1030 838 occidit

245 864 296 885 eos
304 866 313 892 ;
331 858 359 885 et
372 856 474 885 subdit
490 866 496 885 :
517 865 531 883 ι(
545 856 574 885 Si
589 863 650 885 non
665 856 872 893 poenitentiam
887 856 1006 893 egeritis
1016 877 1026 892 ,

246 911 350 932 omnes
364 903 499 932 similiter
512 903 657 940 peribitis.
673 913 687 930 a>
703 904 781 936 Luc„
792 911 858 940 xm,
873 905 900 932 5.

280 951 325 980 Ad
339 950 512 988 exemplum
528 951 594 980 ovis
608 959 675 988 quae
689 951 818 988 perierat
829 972 839 987 ‚
860 950 909 979 vel
923 950 1028 980 drach-

245 1005 301 1026 mae
315 1006 407 1034 quam
425 998 533 1027 mulier
547 998 694 1035 perdidit,
709 998 762 1026 sed
776 999 880 1035 postea
901 998 1028 1027 inventae

244 1044 379 1081 fuerunt,
400 1045 471 1074 dicit
494 1045 636 1074 Dominus
660 1045 806 1082 gaudium
830 1053 976 1081 magnum
995 1045 1027 1074 in

245 1092 321 1120 coelo
346 1101 408 1121 esse
438 1101 528 1130 super
550 1100 612 1121 uno
641 1095 796 1130 peccatore
822 1093 1027 1129 paenitentiam

245 1142 360 1176 agente.
376 1141 454 1176 Luc„
468 1147 516 1174 xv,
532 1143 561 1175 7,
575 1141 620 1168 10.

280 1188 386 1215 Levcm
408 1189 436 1215 et
450 1187 574 1215 brevem
595 1186 799 1224 poenitentiam
822 1186 949 1223 injunxit
973 1187 1028 1216 Do-

245 1233 344 1262 minus
353 1234 471 1262 mulieri
484 1234 514 1262 in
529 1234 676 1262 adulterio
688 1234 890 1271 deprehensae,
902 1233 1004 1262 dicens
1017 1243 1025 1262 ε

248 1290 262 1306 (ι
276 1281 377 1317 Vade,
401 1283 429 1310 et
440 1281 503 1317 Jam
518 1281 647 1318 amplius
667 1281 729 1309 noli
753 1289 887 1318 peccare.
905 1292 918 1305 κ
935 1282 1026 1316 Joan‚.‚

246 1335 314 1362 vm,
329 1330 374 1357 1¹.

284 1385 298 1402 α
313 1375 421 1403 Videas
439 1375 530 1404 Judas
549 1375 633 1412 quod
653 1374 813 1403 damnatus
835 1375 910 1403 esset
923 1376 1006 1403 Jesus
1016 1395 1026 1410 ,

244 1423 416 1459 poenitentia
444 1423 550 1451 ductus
563 1443 570 1455 ‚
587 1422 687 1451 retulit
708 1422 828 1458 triginta
849 1425 1025 1458 argenteos,

245 1469 346 1498 dicens
364 1479 370 1497 ε
388 1470 509 1498 Peccavi
521 1491 531 1505 ,
547 1470 667 1498 tradens
681 1469 857 1505 sanguinem
869 1470 993 1505 justum.
1009 1479 1023 1496 n

244 1517 358 1552 Mutela,
374 1525 471 1552 xxvn,
485 1519 513 1553 3,
527 1519 555 1545 4.
578 1518 693 1546 Bonum
715 1517 840 1553 quidem
863 1517 956 1552 dixit3
972 1517 1025 1545 sed

245 1565 315 1600 quia
330 1565 512 1601 desperavit,
529 1565 649 1593 veniam
669 1573 729 1594 non
745 1565 862 1593 meruit.

281 1614 380 1640 Petrus
405 1612 537 1649 peccavit
561 1612 700 1648 negando
726 1613 884 1641 Dominum
906 1612 935 1640 in
950 1612 1026 1640 atrio

244 1659 386 1696 principis
399 1659 605 1695 sacerdotum3
621 1659 674 1687 sed
689 1659 812 1696 quando
831 1660 901 1688 tlere
917 1662 944 1687 et
966 1668 1026 1695 poe-

243 1706 335 1735 nitere
358 1706 467 1742 voluit,
490 1707 569 1735 foras
595 1706 700 1741 exivit,
724 1707 840 1741 Manli„
866 1715 952 1742 xxvi,
968 1708 1024 1742 755

242 1755 342 1786 Marc„
365 1762 430 1788 xrv,
447 1755 492 1782 72.
515 1756 547 1782 Et
571 1756 642 1781 notu
666 1754 765 1789 quod,
781 1755 856 1785 Luc„
877 1762 955 1788 xxu,
973 1755 1025 1788 6¹,

243 1800 379 1828 additum
404 1803 448 1828 est
473 1810 479 1828 ε
500 1811 514 1827 t<
537 1802 703 1829 Conversus
726 1801 869 1829 Dominus
896 1799 1026 1836 respexit

243 1848 370 1875 Petrum.
388 1858 402 1873 i)

279 1893 485 1928 Quaerentibus
506 1893 688 1930 quibusdam
709 1893 817 1922 Judaeis
836 1894 928 1922 corde
943 1901 1024 1922 corn-

241 1941 355 1978 punctis
375 1950 381 1969 :
406 1951 420 1968 «
441 1941 518 1975 Quid
541 1940 701 1977 faciemus,
724 1941 779 1970 viri
800 1941 926 1970 fratres?
946 1952 960 1968 >›
979 1941 1025 1970 Ait

241 1988 299 2016 illis
312 1990 412 2017 Petrus
428 1998 435 2017 :
456 1999 470 2015 «
484 1989 688 2018 Poenitentiam
708 1989 800 2025 agite,
814 1991 842 2018 et
860 1989 1025 2026 baptizetur

242 2036 450 2072 unusquisque
465 2038 614 2071 vestrum,
631 2047 644 2063 1³
660 2038 714 2064 etc.
731 2038 803 2071 Act„
821 2045 841 2065 u
852 2058 860 2071 ‚
877 2038 922 2071 37,
937 2038 980 2065 38.

275 2083 389 2112 Auditis
404 2083 571 2111 rationibus
586 2083 679 2118 Petri,
693 2091 786 2120 quare
798 2084 892 2112 iverat
905 2083 943 2111 ad
956 2085 1024 2112 Cor-

241 2130 372 2165 nelium,
383 2132 412 2158 et
421 2138 489 2158 eum
504 2130 724 2166 baptizaverat,
737 2132 893 2159 tacuerunt
907 2130 1022 2165 fratres,

242 2179 271 2205 et.
298 2176 541 2212 glorificaverunt
566 2178 658 2205 Deum
685 2177 835 2205 dicentes:
855 2187 869 2204 «
891 2179 967 2213 Ergo
993 2179 1022 2205 et

242 2225 382 2253 Gentibus
404 2227 478 2254 Deus
501 2225 704 2261 poenitentiam
727 2225 767 2255 ad
791 2226 883 2255 vitam
898 2225 1019 2255 dedit.»

242 2273 319 2307 Act„
333 2280 363 2300 xi
371 2292 381 2307 ,
396 2273 438 2300 ¹8.

494 2357 637 2391 CAPUT
664 2357 766 2391 LXII.

467 2435 504 2462 De
523 2434 621 2462 honore
637 2437 794 2470 parentum.

277 2509 344 2537 Sem
367 2510 395 2537 et
417 2508 543 2545 Japheth
567 2508 808 2537 benedictionem
831 2508 923 2544 patris
942 2516 1021 2537 com-

241 2558 431 2591 meruerunt,
447 2556 520 2593 quia
541 2557 655 2585 nudato
682 2555 861 2592 obsequium
886 2556 1021 2592 praebue-

271 2656 308 2687 (a)
321 2656 382 2682 Coet.
397 2656 459 2684 edit.
469 2655 555 2689 J‘ussit.

876 174 1018 207 BlBLIA
1040 168 1274 207 PAUPERUM.

1085 243 1166 271 rant.
1184 241 1279 271 Cham
1297 248 1372 270 vero
1390 241 1424 270 in
1437 240 1503 270 filio
1517 248 1575 271 suo
1594 241 1773 272 ωοᾱίοωο
1791 242 1866 279 fuit,

1087 288 1159 326 quia
1169 288 1338 318 nuditatem
1351 287 1464 317 derisit.
1479 287 1559 325 Gen„
1572 296 1614 318 ιι.

1121 336 1233 373 Magnae
1245 335 1441 373 reputationis
1450 337 1514 364 erat
1526 335 1611 373 apud
1623 336 1764 374 antiquos
1775 335 1868 366 bene-

1087 382 1178 412 dictio
1191 383 1300 420 patris‚
1315 383 1350 411 ut
1370 384 1451 420 patet
1474 383 1506 411 in
1531 383 1625 412 Jacob
1649 385 1678 412 et
1701 384 1794 420 Esau,
1813 383 1867 420 qui

1086 429 1180 459 ambo
1205 430 1304 467 ipsam
1329 431 1389 459 tam
1415 429 1540 459 sollicite
1567 429 1756 468 quaesierunt.
1787 430 1867 466 Gen„

1085 485 1187 507 xxxvr.

1121 525 1199 554 Licet
1216 526 1293 554 Esau
1315 526 1392 554 esset
1409 524 1506 554 malus
1524 524 1630 561 homo,
1652 524 1831 562 reprobatus
1848 532 1868 554 a

1086 573 1146 601 Deo
1153 593 1164 608 ,
1179 573 1208 601 et
1221 572 1294 602 odio
1308 572 1434 601 haberet
1446 572 1567 601 fratrem
1581 580 1670 601 suum
1683 572 1776 601 Jacob
1784 593 1794 608 ‚
1808 579 1866 602 no-

1085 618 1169 648 lebat
1181 621 1283 648 tamen
1297 619 1434 648 occidere
1447 619 1548 656 ipsum
1567 619 1687 648 vivente
1705 621 1790 656 patre
1809 626 1866 648 suo

1085 667 1166 696 Isaac
1176 675 1186 703 ;
1198 666 1283 700 ,unde
1297 665 1416 695 dicebat
1430 675 1438 695 ι
1455 676 1472 694 α
1487 666 1610 695 Venient
1625 666 1689 695 dies
1703 666 1800 695 luctus
1813 673 1867 703 pa-

1084 712 1222 749 mei,
1233 723 1248 741 n
1261 715 1328 748 etc„
1342 713 1423 748 Gen„
1436 721 1536 750 xxvn,
1548 715 1595 748 41,
1610 713 1642 742 in
1655 713 1714 744 hoc
1729 713 1866 743 deferens

1085 760 1180 797 patri,
1196 761 1226 788 et
1239 759 1346 788 timens
1360 759 1508 789 offensam
1521 761 1594 797 eJ'us.

1120 807 1166 836 Ad
1179 815 1321 844 magnam
1335 808 1540 845 paenitentiam
1551 809 1583 837 se‘
1597 807 1753 844 obligabat
1762 807 1865 844 ludas,

1085 863 1155 884 cum
1169 854 1244 883 dixit
1263 855 1340 892 patri
1355 855 1392 884 de
1412 855 1589 891 Benjamin:
1607 865 1623 882 α
1643 855 1703 884 Nisi
1716 854 1866 884 reduxero

1085 903 1114 931 et
1136 902 1300 931 reddidero
1324 910 1394 931 eum
1417 902 1472 931 tibi
1482 923 1494 938 ,
1507 909 1560 931 ero
1575 901 1689 939 peccati
1709 909 1778 930 reus
1792 902 1823 930 in
1838 903 1866 930 te

1085 949 1168 978 omni
1191 951 1336 986 tempore.
1352 959 1366 977 »
1392 950 1470 985 Gen„
1494 957 1579 986 xuu,
1594 950 1624 979 9.
1646 951 1680 979 Et.
1698 949 1867 978 notandum

1084 1000 1127 1027 est
1141 998 1226 1035 quod
1240 999 1338 1035 prius,
1349 1007 1420 1034 xm,
1432 1001 1478 1034 37,
1489 999 1606 1028 dixerat
1619 998 1743 1027 Ruben:
1758 1007 1773 1024 α
1787 998 1866 1026 Duos

1084 1045 1163 1074 filios
1191 1053 1275 1074 meos
1306 1046 1437 1075 interfice
1449 1067 1458 1082 ‚
1484 1046 1508 1074 si
1532 1054 1594 1075 non
1620 1045 1770 1075 reduxero
1795 1053 1865 1074 eum

1083 1092 1153 1126 tihi;
1170 1102 1184 1120 ι)
1202 1095 1231 1121 et
1249 1095 1349 1122 tamen
1372 1096 1456 1129 pater
1478 1101 1543 1122 non
1567 1093 1718 1130 acquievit
1737 1092 1779 1121 illi
1796 1101 1804 1121 :
1819 1099 1866 1120 ac-

1084 1141 1198 1178 quievit
1224 1143 1324 1170 autem
1351 1141 1433 1169 ludae
1457 1141 1566 1170 dicenti
1590 1141 1732 1178 praedicta
1759 1140 1862 1169 verba.

1082 1188 1165 1217 ldem
1180 1187 1270 1216 ludas
1284 1190 1387 1224 postea
1401 1188 1573 1225 supplicans
1586 1187 1706 1224 loseph,
1719 1189 1753 1216 ut
1761 1187 1865 1224 BenJa-

1083 1235 1146 1263 min
1167 1235 1206 1264 ad
1221 1238 1337 1272 patrem
1356 1236 1530 1271 remitteret,
1547 1237 1576 1264 et
1598 1235 1673 1264 inter
1696 1237 1800 1264 caetera
1821 1242 1866 1264 re-

1082 1282 1165 1319 petiit
1190 1282 1331 1319 praedicta
1356 1283 1470 1318 verba,
1495 1282 1605 1319 quibus
1626 1291 1658 1310 sc
1678 1281 1866 1318 obligaverat

1082 1329 1177 1365 patri,
1193 1331 1219 1357 et
1244 1329 1396 1364 subjunxit
1413 1339 1420 1358 ε
1441 1340 1456 1356 «ι
1470 1331 1534 1358 Non
1557 1337 1682 1366 possum
1703 1329 1802 1358 redire
1823 1328 1864 1358 ad

1082 1378 1197 1413 patrem
1212 1377 1334 1405 absente
1350 1385 1462 1414 puero,
1477 1385 1514 1406 ne
1527 1376 1713 1411 calamitatis,
1729 1385 1797 1413 quae
1811 1384 1864 1412 op-

1081 1432 1220 1461 pressura
1241 1426 1283 1452 est
1303 1427 1419 1461 patrem
1442 1432 1559 1459 mcum,
1584 1424 1663 1453 testis
1685 1423 1830 1452 assistam.
1846 1433 1862 1451 ν

1083 1471 1163 1506 Gen„
1177 1478 1245 1499 xrrv
1255 1493 1265 1506 ,
1281 1472 1327 1500 34.

1115 1518 1207 1547 Jacob
1223 1518 1404 1547 benedicens
1417 1518 1511 1552 filios,
1527 1517 1601 1546 dixit
1616 1519 1719 1547 contra
1733 1517 1838 1547 Ruben
1852 1527 1862 1546 ε

1085 1574 1098 1592 α
1114 1566 1229 1594 Effusus
1246 1574 1277 1594 es
1291 1566 1367 1594 sicut
1381 1573 1479 1602 aqua,
1494 1573 1556 1594 non
1571 1573 1686 1594 crescas
1697 1587 1707 1601 ,
1730 1565 1802 1602 quia
1816 1573 1863 1594 as-

1081 1613 1205 1641 cendisti
1231 1613 1329 1642 cubile
1357 1613 1448 1649 patris
1470 1612 1511 1641 tui
1525 1634 1534 1648 ‚
1558 1613 1714 1642 maculasti
1737 1614 1862 1642 stratum

1081 1659 1154 1696 ejus.
1171 1671 1184 1686 υ
1205 1660 1283 1694 Gen„
1299 1668 1380 1694 xux,
1396 1662 1422 1688 4.

1117 1707 1255 1743 l’raecepit
1278 1707 1420 1735 Dominus
1444 1715 1498 1743 per
1524 1709 1661 1742 Moysen,
1678 1707 1770 1741 Dent„
1792 1713 1860 1740 xxx,

1083 1754 1115 1781 ¹8
1131 1763 1137 1781 :
1158 1765 1171 1779 ιε
1187 1754 1214 1781 Si
1230 1753 1363 1789 genuerit
1386 1754 1478 1782 homo
1499 1753 1594 1781 filium
1610 1755 1818 1781 contumacem
1833 1755 1862 1780 et

1079 1801 1252 1836 protervum
1265 1821 1274 1835 ,
1295 1810 1308 1827 υ
1327 1803 1394 1834 ctc.,
1409 1800 1543 1836 sequitur
1561 1809 1567 1828 :
1587 1809 1602 1826 «
1615 1799 1777 1836 Lapidibus
1791 1806 1860 1828 eum

1080 1846 1187 1876 obruet
1201 1847 1334 1884 populus
1352 1847 1487 1875 civitatis.
1504 1857 1518 1874 n

1113 1893 1254 1922 Reddidit
1269 1893 1412 1922 Dominus
1426 1894 1542 1922 malum
1566 1893 1650 1930 quod
1670 1892 1781 1921 fecerat
1794 1891 1862 1922 Abi-

1078 1940 1194 1969 melech
1219 1943 1322 1969 contra
1348 1944 1462 1977 patrem
1487 1948 1574 1969 suum
1584 1961 1593 1975 ,
1620 1939 1777 1969 interfectis
1796 1947 1861 1976 sep-

1080 1988 1212 2024 tuaginta
1225 1987 1366 2016 fratribus
1382 1988 1452 2016 suis.
1467 1988 1571 2023 Judz'c„
1587 1995 1632 2023 rx,
1647 1989 1693 2015 56.

1114 2036 1177 2063 Nou
1200 2035 1357 2064 audierunt
1375 2035 1429 2063 filii
1452 2034 1514 2064 Heli
1533 2037 1648 2072 patrem
1672 2035 1753 2071 ipsos
1768 2033 1860 2063 corri-

1078 2082 1223 2119 pientem,
1239 2083 1249 2110 1
1264 2084 1342 2117 Rem,
1357 2090 1387 2111 n.
1405 2082 1474 2111 ldeo
1495 2082 1628 2111 divinam
1650 2081 1794 2110 ultionem
1808 2089 1859 2110 ex-

1078 2129 1152 2165 perti
1168 2132 1253 2164 sunt,
1270 2130 1280 2158 l
1296 2131 1373 2165 Rea„
1388 2137 1426 2158 ιν.

1114 2177 1188 2210 Quia
1201 2177 1342 2206 Jonathas
1361 2176 1490 2213 gustavit
1504 2176 1662 2214 paululum
1679 2176 1776 2205 mellis
1789 2182 1859 2204 con-

1078 2225 1122 2252 tra
1137 2223 1346 2253 inhibitionem
1357 2224 1463 2260 patris,
1480 2224 1568 2253 morti
1583 2223 1771 2260 adJudicatus
1785 2223 1827 2251 est
1840 2229 1858 2250 a

1077 2273 1159 2308 patre
1168 2281 1176 2306 ;
1193 2271 1244 2300 sed
1258 2274 1357 2300 tamen
1372 2279 1390 2299 a
1403 2271 1518 2308 populo
1533 2270 1677 2300 liberatus
1691 2273 1743 2299 est.
1758 2270 1858 2303 inea„

1077 2326 1134 2347 XIV.

1113 2367 1206 2395 David
1222 2375 1240 2395 a
1253 2366 1327 2395 facie
1351 2367 1420 2395 Saul
1435 2367 1566 2403 fugiens,
1588 2369 1616 2396 et
1633 2366 1666 2394 in
1684 2372 1795 2400 magna
1807 2371 1857 2392 ne·

1076 2413 1209 2443 cessitate
1225 2414 1363 2449 existens,
1378 2414 1485 2442 babuit
1499 2422 1602 2442 curam
1617 2415 1774 2450 parentum
1788 2419 1856 2440 suo-

1075 2470 1158 2497 rum,
1186 2464 1215 2490 et
1238 2462 1495 2491 recommendavit
1517 2470 1568 2491 eos
1593 2461 1750 2497 diligenter
1775 2458 1856 2496 apud

1075 2517 1178 2546 regern
1192 2509 1287 2538 Moab.
1305 2511 1315 2538 1
1330 2511 1408 2545 Regi„
1423 2517 1473 2544 xv,
1488 2506 1516 2537 et
1531 2508 1679 2544 deinceps.

1111 2556 1242 2585 venienti
1258 2557 1401 2585 Bersabee
1416 2556 1503 2585 matri
1515 2554 1682 2584 Salomonis
1696 2552 1855 2583 assurrexit

1074 2610 1138 2640 rex,
1160 2603 1358 2640 adoravitque
1383 2611 1467 2639 eam,
1487 2605 1516 2631 et
1535 2601 1649 2639 positus
1667 2603 1711 2631 est
1730 2600 1855 2630 thronus

1074 2651 1161 2680 matri
1174 2651 1261 2687 regis,
1277 2653 1331 2679 etc.
1347 2652 1368 2680 ΙΙ
1381 2652 1460 2687 Rea„
1475 2657 1506 2678 n.
