2004 3037
52 899 107 919 Nota
117 898 144 920 de

50 929 158 950 divisione

59 960 150 981 humani

61 994 151 1017 sui-‚tus

51 1028 159 1049 acor-pore

50 1054 159 1076 etanima.

801 215 968 249 PROLOG.
991 212 1090 248 DIST.
1113 215 1165 248 lv.

173 285 201 313 et
213 283 361 314 mirabilis
385 283 549 322 separatio,
564 283 618 313 ubi
636 283 720 321 quod
741 282 952 321 corpulentum

173 333 217 362 est
238 333 265 360 et
289 330 498 367 faeculentum,
523 330 665 361 deorsum
686 332 840 367 remanet;
867 330 952 367 quod

172 377 326 414 spirituale
349 380 378 408 et
399 378 507 408 subtile
521 379 579 413 est,
592 385 688 414 usque
712 377 753 406 ad
775 377 952 414 speculatio-

172 432 243 454 nem
257 424 366 454 divinoe
381 424 483 461 gloriae
505 424 703 459 sublimatur,
720 424 792 453 etin
813 423 952 453 eamdem

172 471 336 508 imaginem
349 471 590 501 transformatur!
607 472 676 499 Pars
691 470 813 499 inferior
828 479 951 508 compo-

172 517 252 547 nitur
273 518 312 547 ad
335 526 486 547 summam
506 525 613 554 pacem
637 519 665 546 et
688 517 951 554 tranquillitatem,

173 564 247 594 dum
269 573 340 602 pars
361 565 498 602 superior
521 564 700 594 sublimatur
720 565 760 594 ad
781 564 908 600 gloriam
926 567 953 593 ct

170 611 398 648 jucunditatem.
420 621 435 640 n
465 612 527 641 Hoc
552 614 678 648 uterque
706 611 801 648 ponit.
826 613 868 640 Ex
891 620 951 648 quo

172 667 317 697 apparere
339 661 458 696 potest,
483 661 556 696 quot
577 661 690 696 quanto
715 659 834 696 spiritus
852 661 954 687 noster

172 707 212 735 ab
232 706 372 735 omnibus
395 705 635 742 temporalibus,
661 708 689 734 et
714 706 802 734 etiam
825 706 864 735 ab
888 706 953 743 ipsa

172 753 297 789 anima,
318 753 368 782 vel
394 753 485 781 etiam
509 761 527 782 a
554 753 652 789 seipso
680 753 845 789 dividitur,
868 754 952 790 quod

171 802 253 829 tanto
267 799 383 828 facilius
404 801 433 828 et
452 799 611 836 perfectius
635 799 711 828 illud
735 800 887 836 spirituale
910 801 954 829 in—

172 847 333 875 trinsecum
348 868 357 882 ,
380 848 408 875 et
435 847 572 875 aeternale
598 847 768 875 manerium
794 848 953 883 perfeetiiis

173 893 286 927 accedit
305 895 332 922 et
354 893 529 929 ingreditur.
559 895 592 921 Et
614 893 682 922 ideo
709 894 876 922 notandum
892 895 954 929 est,

174 941 257 978 quod
282 941 401 978 spiritus
423 943 524 970 noster
549 942 715 979 aliquando
744 942 776 970 in
798 943 913 970 tantum
935 950 953 970 a

174 997 299 1025 corpore
316 991 344 1017 et
359 988 459 1017 anima
475 989 632 1024 dividitur,
651 991 683 1017 ut
697 989 816 1026 spiritus
837 990 868 1017 in
892 989 953 1026 spi-

173 1035 231 1064 ritu
246 1043 308 1064 esse
329 1037 476 1064 asseratur
488 1045 497 1072 3
521 1038 550 1064 et
571 1037 755 1073 quandoque
776 1038 810 1064 ut
834 1036 952 1073 spiritus

173 1090 263 1119 supra
278 1082 414 1119 spiritum
428 1091 491 1111 esse
507 1082 633 1118 dicatur,
649 1085 677 1111 et
691 1083 876 1120 quandoque
893 1084 953 1120 spi-

171 1128 245 1157 ritus
267 1129 331 1157 sine
352 1129 456 1166 spiritu
479 1129 626 1159 credatur.
648 1130 747 1159 Primo
764 1130 852 1164 dico,
869 1130 953 1166 quod

172 1175 290 1213 spiritus
305 1176 454 1204 humanus
471 1176 655 1213 quandoque
670 1185 688 1205 a
703 1185 828 1213 corpore
844 1177 874 1204 in
890 1179 953 1205 tan-

171 1225 235 1252 tum
249 1223 405 1260 alienatur,
420 1225 448 1253 et
465 1224 504 1252 ab
519 1223 618 1252 anima
642 1224 831 1260 distrahitur,
845 1225 895 1253 vel
910 1225 953 1253 di-

171 1270 292 1306 viditur,
305 1273 339 1300 ut
355 1271 476 1307 spiritus
496 1271 601 1299 merito
625 1271 656 1299 in
674 1271 779 1308 spiritu
793 1279 856 1299 esse
871 1272 952 1300 dica—

171 1318 228 1346 tur.
258 1317 344 1352 Quod
379 1317 509 1346 ostendit
534 1317 698 1346 Richardus
719 1338 729 1352 ,
757 1318 886 1355 loquens
915 1319 952 1346 de

171 1365 283 1393 Joanne
297 1364 500 1401 Evangelista,
513 1365 566 1393 ubi
586 1365 657 1394 dicit
671 1365 680 1382 ¹
695 1374 702 1394 ε
717 1375 731 1391 «
747 1367 849 1394 Nonne
868 1365 952 1402 spiri-

171 1413 218 1439 tus
231 1410 263 1439 in
277 1411 380 1448 spiritu
396 1420 459 1440 esse
480 1413 550 1440 tune
564 1413 642 1440 recte
657 1412 809 1448 asseritur,
827 1412 951 1449 quando

171 1457 350 1487 exteriorum
378 1458 514 1487 omnium
549 1458 757 1494 obliviscitur,
785 1459 896 1495 pariter
924 1461 952 1487 et

170 1504 292 1541 ignarus
313 1507 356 1534 est
379 1506 514 1533 omnium
535 1513 641 1534 eorum
653 1527 662 1541 ,
679 1514 746 1542 quze
770 1506 802 1533 iu
826 1513 951 1542 corpore

171 1552 365 1588 corporaliter
386 1554 528 1587 aguntur,
554 1554 582 1579 et
607 1552 659 1580 illa
686 1552 784 1580 solum
816 1552 952 1588 intelligit

170 1606 224 1634 per
246 1599 423 1627 memoriam
443 1599 491 1627 vel
511 1598 708 1634 intellectum,
726 1608 792 1636 quae
814 1599 845 1627 in
865 1600 951 1636 spiri-

170 1647 234 1673 tum
249 1647 276 1673 et
290 1645 366 1673 circa
380 1645 516 1681 spiritum
530 1646 685 1674 actitantur
695 1647 709 1674 ⁶?
721 1657 734 1672 n
754 1647 848 1680 Quare
863 1648 951 1675 Joan-

170 1700 223 1720 nes
238 1692 268 1719 in
282 1692 461 1729 Apocalypsi
479 1693 557 1721 bene
577 1693 647 1721 dicit
660 1694 670 1710 ²
691 1702 699 1721 ε
719 1694 772 1721 Fui
795 1695 825 1721 in
848 1695 951 1730 spiritu

170 1741 201 1766 in
223 1740 356 1767 dominico
381 1739 436 1767 die.
456 1739 522 1775 Vel,
547 1739 623 1768 sieut
646 1739 762 1768 ibidem
786 1741 950 1769 Richardus

171 1785 242 1813 dicit
261 1795 269 1814 .·
287 1795 302 1812 «
320 1788 364 1814 An
385 1785 444 1814 hoc
465 1787 508 1814 est
528 1786 666 1823 spiritum
686 1787 718 1815 in
741 1787 846 1823 spiritu
868 1796 950 1823 esse,

169 1832 361 1868 semetipsum
382 1832 491 1862 intrare
508 1854 518 1868 ,
543 1835 572 1862 et
593 1833 671 1861 intra
694 1834 884 1871 semetipsum
906 1836 950 1863 to-

1730 224 1787 256 397

1008 290 1039 311 se
1053 282 1194 320 despicit3
1210 285 1238 312 et
1252 284 1344 314 modo
1359 285 1436 316 miro
1449 286 1497 324 fit,
1511 290 1543 317 ut
1556 297 1609 326 per
1621 289 1788 320 dilectionis

1008 329 1108 366 ignem
1123 329 1155 359 in
1175 330 1262 359 illum
1286 332 1476 370 sustollatur,
1490 335 1542 372 qui
1564 338 1608 365 est
1630 345 1722 374 supra
1735 346 1766 367 se
1777 360 1787 374 ,

1008 377 1037 405 et
1050 384 1104 414 per
1123 376 1186 405 vim
1201 377 1312 406 amoris
1326 380 1508 416 expellatur,
1524 384 1553 411 et
1566 386 1651 412 exeat
1668 385 1758 414 etiam
1773 394 1789 414 a

1008 431 1054 457 se,
1071 432 1125 452 nce
1140 432 1170 452 se
1193 425 1317 461 cogitet,
1333 425 1406 454 dum
1432 428 1522 457 Deum
1545 430 1644 459 solum
1666 434 1756 461 amat.
1772 443 1786 460 ι)

1009 471 1073 498 lloec
1087 470 1147 499 ille.
1164 472 1223 500 Hoc
1238 471 1332 500 modo
1346 473 1446 501 Petrus
1459 474 1554 504 fertur
1574 480 1677 514 raptus
1700 479 1789 508 fuisse

1008 525 1099 554 supra
1114 525 1164 554 se3
1181 526 1273 555 quare
1293 518 1325 547 in
1345 519 1459 549 Actibus
1473 521 1580 551 dicitur
1595 525 1605 542 4
1623 534 1628 552 :
1644 527 1678 552 Ec
1693 523 1791 555 Petrus‘

1009 564 1046 591 ad
1061 572 1088 592 se
1102 572 1223 593 reversus
1239 565 1330 601 dixit,
1347 568 1405 595 etc.
1420 568 1506 602 Quod
1522 569 1685 600 Richardus
1698 581 1790 610 expo-

1008 618 1082 639 nens
1092 631 1102 646 ,
1117 611 1191 640 dixit
1204 612 1214 629 ³
1230 622 1237 640 :
1254 623 1268 639 α
1282 614 1341 641 Hoc
1356 622 1426 643 sane
1446 623 1508 644 nou
1527 617 1732 654 imprudenter
1744 620 1788 649 di-

1009 658 1098 693 citur,
1113 659 1199 695 quod
1219 661 1319 688 Petrus
1333 660 1423 697 longe
1437 671 1526 698 super
1546 663 1701 694 hominem
1714 667 1768 696 fuit
1779 689 1787 703 ‚

1009 703 1080 740 quia
1103 705 1192 741 longe
1212 715 1230 734 a
1254 708 1428 744 semetipso,
1446 711 1473 737 et
1493 718 1584 747 supra
1598 713 1790 750 semetipsum

1008 751 1144 787 recessit;
1162 753 1297 790 alioquin
1313 762 1375 783 non
1389 758 1450 784 erat
1465 764 1482 784 a
1497 765 1558 793 quo
1573 759 1613 786 ad
1634 768 1665 787 se
1685 769 1787 789 rever-

1008 799 1127 827 teretur.
1144 808 1158 826 »
1176 800 1268 828 Tertio
1291 801 1376 837 dico,
1398 803 1478 838 quod
1500 804 1619 839 spiritus
1639 806 1790 835 humanus

1008 845 1040 872 in
1053 846 1169 874 tantum
1186 855 1203 874 a
1216 847 1315 884 seipso
1331 849 1417 885 quasi
1432 850 1576 879 dividitur
1586 873 1593 886 ,
1616 855 1649 881 ut
1671 854 1790 889 spiritus

1008 892 1071 920 sine
1093 893 1198 929 spiritu
1219 902 1281 922 esse
1302 895 1417 924 dicatur
1431 907 1439 925 :
1455 899 1536 926 unde
1551 899 1581 927 in
1595 900 1674 929 libro
1688 903 1790 937 Regum

1008 937 1117 974 legitur
1129 940 1158 975 ⁵,
1174 942 1257 977 quod
1272 942 1378 970 videns
1392 944 1496 980 regina
1518 946 1595 975 Saba
1614 948 1790 984 sapientiam

1009 985 1192 1022 SalomoniS,
1208 989 1235 1015 et
1251 988 1392 1024 domum,
1408 992 1436 1019 et
1449 992 1619 1022 habitacula
1630 1016 1639 1029 ‚
1655 997 1722 1031 eto„
1737 1004 1790 1024 non

1008 1032 1120 1060 habebat
1135 1035 1209 1062 ultra
1224 1036 1365 1070 spiritum.
1389 1038 1477 1071 Quod
1499 1048 1651 1076 exponens
1671 1042 1790 1071 Richar-

1009 1078 1079 1114 dus,
1097 1079 1169 1108 dicit
1181 1081 1192 1098 ⁷
1208 1091 1216 1109 τ
1235 1091 1248 1108 «
1262 1083 1365 1111 Nonne
1380 1086 1458 1113 recte
1475 1085 1582 1115 dieitur
1596 1088 1732 1124 spiritum
1746 1098 1790 1119 se-

1007 1126 1167 1163 metIpsum
1182 1136 1243 1156 non
1257 1129 1385 1166 habere,
1404 1133 1525 1168 quando
1537 1134 1639 1171 incipit
1652 1144 1670 1163 a
1684 1139 1789 1165 semet-

1007 1172 1073 1209 ipso
1099 1175 1223 1203 omnino
1247 1175 1391 1212 deficere,
1415 1180 1443 1206 et
1468 1188 1486 1207 a
1516 1189 1570 1209 suo
1595 1190 1658 1210 esse
1682 1183 1713 1211 in
1743 1192 1789 1212 su-

1005 1222 1249 1256 permundanum
1277 1224 1455 1260 quemdam,
1476 1227 1504 1254 et
1528 1235 1599 1256 vere
1625 1229 1789 1267 plusquam

1006 1267 1196 1296 mundanum
1211 1269 1258 1297 vel
1278 1270 1445 1300 humanum
1467 1274 1575 1302 statum
1600 1277 1741 1312 transire,
1762 1280 1790 1306 et

1006 1313 1139 1343 mirabili
1154 1316 1413 1352 transfiguratione
1431 1320 1549 1356 spiritus
1565 1322 1616 1351 ille
1632 1323 1670 1352 ab
1685 1324 1790 1353 huma—

1006 1368 1046 1389 no
1061 1361 1182 1390 videtur
1196 1362 1227 1391 in
1242 1364 1378 1393 divinum
1394 1366 1536 1403 deficere,
1549 1368 1590 1397 ita
1604 1372 1637 1398 ut
1652 1370 1715 1407 ipse
1725 1371 1788 1407 jam

1006 1415 1069 1436 non
1091 1409 1173 1445 ipse,
1195 1418 1231 1439 eo
1256 1411 1411 1441 dumtaxat
1431 1416 1585 1452 tempore,
1605 1425 1665 1453 quo
1687 1418 1790 1455 incipit

1006 1455 1132 1484 Domino
1149 1456 1235 1485 altius
1250 1458 1391 1488 inhaerere
1401 1462 1414 1488 ἰ)
1426 1462 1480 1494 Qui
1500 1466 1589 1490 autem
1604 1465 1723 1493 adhaeret
1734 1467 1788 1493 Deo

1005 1510 1076 1529 unus
1089 1505 1204 1538 spiritus
1222 1509 1260 1532 est
1273 1505 1300 1539 ⁸5
1318 1508 1345 1534 et
1366 1507 1406 1535 sia
1427 1510 1504 1536 totus
1527 1509 1603 1538 illud
1627 1511 1787 1542 divinitatis

1006 1555 1149 1578 arcanum
1164 1551 1268 1588 intrat,
1286 1552 1418 1582 clamans
1438 1564 1506 1583 cum
1520 1557 1672 1587 Psalmista
1686 1560 1695 1576 Β
1711 1569 1718 1588 :
1734 1561 1787 1588 De-

1006 1597 1073 1629 fecit
1084 1598 1114 1624 in
1128 1598 1247 1626 salutare
1262 1601 1337 1627 tuum
1353 1602 1447 1629 anima
1462 1611 1530 1631 mea.
1547 1613 1561 1630 »
1579 1605 1643 1633 Haec
1657 1605 1717 1634 ille.

1227 1696 1471 1733 DISTINCTIO
1499 1701 1558 1736 IV.

1016 1766 1119 1799 Quibus
1134 1767 1250 1803 pedibus
1269 1771 1385 1804 spiritus
1403 1776 1492 1800 noster
1511 1774 1585 1803 illud
1605 1776 1777 1806 intrinsecum

1230 1817 1356 1842 secretum
1376 1818 1558 1851 ingrediatur.

170 1881 234 1908 tum
259 1879 415 1915 colligere,
437 1882 465 1908 et
487 1888 522 1908 ea
549 1889 616 1917 quae
639 1880 717 1909 circa
740 1889 876 1917 carnem,
897 1890 949 1910 seu

172 1926 261 1953 etiam
275 1926 306 1953 in
321 1934 408 1954 carne
424 1928 578 1962 geruntur,
603 1928 720 1956 interim
733 1929 850 1964 penitus
865 1929 950 1965 igno-

171 1973 260 2000 rare?
274 1981 288 1998 u
304 1972 362 2000 Sed
385 1974 520 2008 Haymo,
542 1981 631 2010 super
649 1975 859 2011 Apocalypsim
874 1996 884 2010 ,
907 1976 949 2004 sie

172 2019 311 2055 exponit,
327 2018 428 2047 dicens
444 2028 452 2047 :
472 2029 486 2046 ι(
498 2021 625 2048 Joannes
641 2021 683 2048 sic
701 2021 755 2049 fuit
774 2022 804 2049 in
824 2022 928 2058 spiritu
939 2044 948 2058 ,

172 2066 256 2102 quod
270 2068 369 2094 tamen
386 2067 483 2103 ipsam
504 2075 623 2095 carnem
639 2068 772 2096 funditus
790 2077 852 2096 non
867 2069 950 2098 dese-

1041 1882 1149 1914 Quarto
1164 1883 1331 1912 videndum
1341 1887 1383 1913 est
1398 1887 1507 1923 quibus
1521 1889 1651 1925 pedibus
1661 1893 1688 1919 et
1702 1900 1784 1928 gres·
1820 1907 1889 1929 Pedes

1003 1927 1086 1956 sibus
1106 1930 1226 1965 spiritus
1249 1934 1349 1960 noster
1372 1933 1403 1961 in
1426 1934 1502 1963 illud
1525 1936 1718 1966 intrinsecum
1740 1948 1785 1968 se·
1822 1940 1891 1960 ”0³2⁶

1004 1977 1136 2011 cretum,
1161 1978 1188 2005 et
1212 1978 1365 2014 spirituale
1393 1982 1562 2010 manerium
1587 1983 1781 2019 ingrediatur.
1798 1973 1905 2023 ssupggnpns-

1003 2021 1042 2049 De
1057 2030 1118 2058 quo
1133 2024 1301 2052 notandum
1317 2046 1327 2060 ,
1348 2027 1453 2062 quod,
1477 2028 1552 2056 sicut
1576 2030 1647 2058 dicit
1670 2033 1897 2062 Vaearcel-tt÷1³ect1³S

1798 2067 1819 2085 et
1839 2066 1904 2086 affec—

171 2113 244 2148 ruit,
259 2113 313 2141 sed
327 2113 440 2149 spiritui
456 2114 624 2142 aeternitatis
639 2115 762 2143 adhaesit
774 2124 858 2144 mens
874 2117 947 2153 ejus,

172 2162 200 2188 et
214 2168 232 2188 a
246 2160 350 2196 spiritu
362 2160 487 2188 docente
502 2163 670 2197 assumptus
690 2161 745 2190 fuit
759 2162 877 2198 spiritus
892 2164 948 2191 do-

171 2207 283 2238 cendus
297 2217 305 2234 :
317 2207 387 2236 ideo
399 2210 460 2236 tam
470 2208 620 2236 mirabilia
636 2210 663 2237 et
672 2209 823 2245 profunda
835 2210 919 2238 vidit.
931 2220 945 2237 »

171 2254 307 2282 Secundo
329 2254 396 2283 dico
414 2255 498 2291 quod
516 2255 635 2291 spiritus
648 2255 797 2284 humanus
812 2257 949 2293 quando-

172 2310 231 2338 que
246 2301 277 2329 in
292 2304 405 2330 tantum
419 2302 530 2330 amoris
542 2302 659 2331 fervore
674 2311 766 2340 supra
780 2312 809 2331 se
824 2304 948 2340 rapitur,

171 2351 204 2376 ut
216 2349 321 2376 merito
336 2348 454 2385 spiritus
475 2358 566 2385 supra
586 2350 722 2386 spiritum
744 2359 806 2378 esse
823 2351 946 2379 dicatur.

171 2395 252 2423 Unde
268 2397 351 2431 nugo
372 2395 442 2423 dicit
454 2396 465 2413 ³
479 2406 487 2423 :
507 2399 665 2424 «Acumen
679 2397 789 2425 amoris
805 2399 865 2433 est,
881 2406 948 2425 cum

172 2441 273 2469 omnia
295 2442 532 2470 transcendendo
555 2443 688 2479 despicit.
705 2444 949 2480 Superservidum

173 2491 271 2516 autem
285 2489 395 2517 amoris
409 2491 452 2517 est
462 2510 472 2524 ,
487 2497 556 2517 cum
575 2490 664 2518 etiam
677 2491 867 2528 semetipsum
881 2499 949 2519 con-

172 2535 333 2563 temnendo
346 2536 502 2572 relinquit,
518 2538 545 2564 et
558 2537 589 2564 in
611 2538 833 2574 comparatione
849 2538 948 2567 dilecti

205 2610 211 2624 ¹
226 2609 354 2641 Richard,
371 2610 401 2635 cle
418 2612 569 2643 Contempl„
589 2612 632 2637 lib.
651 2613 682 2645 V,
703 2621 725 2638 c.
743 2620 797 2645 xii,
817 2615 885 2639 eirea
902 2614 946 2642 fin,

172 2659 203 2664 —
214 2646 224 2662 ἵ
239 2646 322 2678 Apoc„
338 2652 356 2676 x,
373 2649 450 2671 10.—
463 2647 473 2662 ³
485 2648 562 2679 ling„
577 2647 602 2672 in
616 2651 680 2680 sept.
693 2657 749 2681 cap.
762 2651 850 2682 Anyel.
867 2651 946 2679 mer„

173 2682 216 2707 lib.
231 2682 276 2712 Vl,
288 2681 365 2706 circa.
380 2683 448 2707 med.
459 2696 489 2701 —
499 2683 509 2699 ²
521 2684 587 2714 Act,
600 2690 649 2716 xm,
665 2686 702 2710 11.
713 2699 741 2703 «-
754 2687 762 2700 ⁵
772 2686 902 2717 Richard„
918 2686 947 2710 cle

1002 2068 1092 2097 lensis
1121 2079 1209 2107 super
1235 2072 1366 2107 Cantica,
1400 2083 1413 2099 α
1435 2075 1527 2110 pedes
1549 2078 1641 2106 nostri
1664 2080 1783 2115 spiritus

1002 2119 1070 2144 sunt
1091 2116 1254 2146 intellectus
1274 2121 1302 2146 et
1322 2119 1461 2155 affectus,
1481 2123 1591 2158 quibus
1614 2124 1783 2162 frequenter

1003 2163 1105 2191 anima
1121 2163 1231 2193 devota
1244 2166 1337 2202 carpit
1351 2166 1457 2195 itinera
1471 2170 1649 2199 aeternitatis
1665 2183 1678 2199 »
1698 2174 1781 2203 Ratio

1004 2212 1102 2239 autem
1118 2211 1205 2247 hujus
1221 2214 1279 2248 est,
1301 2214 1385 2249 quod
1406 2215 1525 2251 spiritus
1547 2220 1647 2246 noster
1664 2228 1718 2256 per
1739 2221 1782 2249 in-

1003 2257 1152 2286 tellectum
1170 2261 1198 2286 et
1213 2259 1352 2288 affectum
1367 2270 1397 2289 se
1413 2262 1452 2290 ad
1468 2266 1576 2292 {eterna
1591 2267 1738 2303 extendit,
1755 2270 1783 2297 et

1004 2312 1039 2332 eo
1055 2305 1170 2341 attingit
1185 2307 1362 2344 aliqualiter.
1376 2310 1458 2338 Unde
1473 2313 1555 2346 Hugo
1566 2334 1575 2348 ,
1590 2313 1668 2342 libro
1683 2315 1780 2351 primo

1004 2352 1036 2381 de
1059 2353 1134 2381 Arca
1148 2355 1217 2388 Noe,
1241 2355 1311 2382 dicit
1330 2356 1350 2373 ¹⁰
1367 2365 1373 2383 :
1394 2367 1406 2382 «
1423 2359 1482 2385 Hoc
1500 2361 1542 2386 est
1560 2360 1599 2388 ad
1614 2362 1706 2389 Deum
1721 2365 1781 2390 ten-

1006 2399 1092 2435 dere,
1107 2402 1135 2428 et
1149 2401 1189 2429 ad
1203 2401 1302 2438 ipsum
1317 2404 1499 2440 pertingere,
1516 2414 1633 2443 semper
1648 2417 1716 2437 eum
1728 2418 1781 2446 per
1794 2423 1796 2425 ·

1007 2446 1189 2476 desiderium
1200 2456 1343 2484 quaerere,
1354 2459 1406 2486 per
1417 2453 1624 2487 cogitationem
1636 2455 1779 2490 invenire,

1004 2496 1031 2521 et
1066 2502 1117 2529 per
1150 2498 1269 2530 gustum
1303 2499 1433 2533 tangere.
1458 2510 1471 2525 n
1506 2502 1537 2528 Et
1561 2502 1782 2532 commentator

1003 2579 1141 2610 Contempl.
1157 2580 1200 2604 lib.
1217 2586 1242 2609 V,
1258 2588 1279 2606 c.
1297 2587 1354 2614 xm,
1371 2584 1438 2608 circa
1452 2584 1496 2608 fin.
1514 2598 1540 2603 -
1559 2587 1567 2599 ‘³
1583 2587 1613 2611 ΙΙΙ
1629 2587 1697 2618 aeq„
1714 2595 1738 2618 x,
1756 2592 1778 2614 5.

1002 2628 1033 2633 ·—-
1047 2615 1054 2630 ⁷
1069 2615 1200 2645 nichard.¹
1215 2616 1259 2640 ubi
1277 2624 1344 2649 sup.,
1361 2626 1383 2643 c.
1402 2626 1448 2650 xli,
1466 2621 1491 2644 in
1508 2621 1551 2646 fin.
1567 2635 1597 2640 —
1613 2626 1620 2637 Β
1637 2624 1642 2646 Ι
1660 2624 1726 2654 Cor„
1744 2631 1779 2656 vt,

1004 2653 1042 2675 Π.
1056 2664 1087 2669 --
1107 2652 1115 2666 Β
1135 2651 1201 2676 Psal.
1219 2658 1313 2683 cxvm,
1333 2655 1374 2679 81.
1393 2669 1424 2674 -—
1448 2657 1466 2672 ¹⁰
1486 2657 1564 2688 flag„
1585 2658 1614 2682 de
1632 2660 1690 2685 Arc.
1712 2661 1780 2692 Noe,

1002 2686 1046 2711 lib.
1061 2688 1078 2718 l,
1091 2694 1115 2712 c.
1131 2692 1165 2718 w,
1183 2687 1250 2712 ciica
1264 2690 1333 2714 med.
