2004 3037
217 237 280 267 ‘496

221 302 305 330 daret
321 301 380 337 eis,
397 302 490 337 Joan„
511 309 570 331 xxv.
585 302 672 337 Quod
686 303 798 340 optime
816 303 998 340 completum

221 349 263 376 est
276 348 307 376 in
321 347 370 376 die
384 348 584 384 pentecostes,
602 348 726 386 quando
745 349 868 386 Spiritus
881 351 999 378 sanctus

221 402 272 423 eos
285 394 413 424 totaliter
425 395 594 431 roboravit,
610 395 782 425 consolatus
802 398 856 432 est,
869 397 999 426 illustra-

221 441 271 477 vit,
286 441 335 470 vel
349 442 466 478 docuit,
482 443 557 478 Act„
571 450 604 472 11.

255 488 447 517 Venientibus
466 489 502 517 ad
519 489 700 525 capiendum
722 489 881 518 Dominum
895 490 999 518 minis·

219 535 271 563 tris
283 535 444 572 pontificis,
459 535 533 565 dixit
543 537 604 565 eis:
623 537 676 565 «Si
691 545 738 565 me
754 537 902 573 quaeritis,
913 537 998 566 sinite

218 582 274 610 lios
284 582 400 611 abire.»
413 583 530 612 Sciebat
543 583 623 612 enim
637 584 721 620 quod
735 592 796 612 non
807 586 890 612 erant
902 585 998 621 parati

219 628 260 657 ad
277 630 454 666 martyrium
466 629 670 659 sustinendum
685 640 692 658 :
708 631 820 659 idcirco
834 631 998 659 infirmitati

219 684 326 705 eorum
340 677 598 714 condescendam,
613 678 710 707 voluit
731 677 815 715 quod
827 680 998 715 parceretur

219 722 274 758 eis,
288 725 379 759 Joan.,
395 732 476 753 xvm.

255 770 337 799 Petiit
349 771 437 806 latro,
451 774 483 800 ut
498 771 638 800 Dominus
651 771 832 801 meminisset
844 773 918 809 ejus,
930 780 998 801 eum

218 817 346 846 venisset
365 818 397 846 in
415 826 542 854 regnum
566 818 639 854 ejus.
660 818 802 847 Dominus
817 821 916 847 autem
930 819 998 856 plus

220 864 377 900 concessit,
395 873 487 901 quam
507 865 557 893 ille
577 867 708 902 peteret,
732 865 852 894 dicens:
872 875 886 892 (ι
905 865 998 894 Hodie

219 918 337 939 mecum
352 911 409 939 eris
423 911 454 939 in
467 911 618 948 paradiso.
634 922 647 938 n
664 913 737 944 Luc..
754 921 835 941 xxm.

255 959 359 994 Magna
378 957 432 986 fuit
451 958 554 987 Christi
572 959 681 995 pietas,
701 967 767 995 quae
789 967 843 988 nee
862 961 998 996 Petrum,

221 1004 272 1041 qui
284 1012 353 1033 eum
363 1006 406 1033 ter
415 1006 587 1041 negaverat,
598 1005 717 1042 repulit,
732 1005 786 1034 scd
797 1006 927 1042 benigne
939 1015 999 1035 res-

221 1051 319 1087 pexit,
334 1052 409 1086 Luc„
431 1059 505 1087 xxm
525 1059 580 1080 nec
600 1052 745 1080 Thomam
763 1052 795 1080 in
814 1053 998 1081 dubitatione

221 1097 350 1134 reliquit,
366 1098 419 1126 sed
439 1106 469 1127 se
491 1098 678 1135 palpandum
697 1099 723 1127 ei
746 1099 900 1128 manifeste
919 1100 999 1128 exhi-

221 1144 296 1180 buit,
311 1146 402 1178 Joan„
421 1153 467 1174 xx.
489 1147 559 1174 item
579 1146 704 1174 Paulum
723 1147 754 1174 in
775 1149 842 1175 actu
864 1155 1000 1184 persecu-

221 1192 308 1221 tionis
318 1193 489 1221 existentem
499 1194 665 1227 excaecavit,
673 1196 702 1222 et
711 1195 864 1230 convertit,
874 1196 997 1228 Act.‚1x.

257 1241 332 1268 Dum
347 1240 528 1277 lapidaretur
542 1241 646 1269 beatus
661 1241 839 1277 StephanuS,
854 1241 928 1269 vidit
945 1243 999 1269 Do-

221 1287 336 1315 minum
348 1288 446 1315 lesum
462 1288 491 1316 in
507 1288 588 1316 coelis
603 1290 739 1321 stantem,
755 1289 897 1324 tanquam
910 1296 997 1324 para-

221 1336 284 1362 tum
299 1334 338 1361 ad
352 1334 449 1370 ipsum
463 1334 574 1363 sortiter
589 1333 805 1370 adjuvandum,
822 1335 897 1368 Act„
911 1342 960 1363 vn.

257 1383 345 1409 Beato
366 1381 471 1409 ioanni
496 1382 526 1410 in
549 1381 646 1409 insula
668 1382 791 1410 Pathmo
814 1381 851 1418 (a)
870 1382 999 1410 exulanti

222 1428 346 1456 multam
367 1428 579 1463 benignitatem
601 1428 742 1456 Dominus
756 1428 904 1463 ostendit,
920 1429 945 1456 ei
963 1429 998 1465 (b)

222 1473 365 1502 mittendo
388 1474 528 1510 angelum
549 1482 653 1510 suum,
676 1475 727 1511 qui
752 1483 821 1503 eum
843 1475 999 1511 multiplici

221 1521 402 1549 revelatione
418 1521 588 1550 consolatus
599 1523 651 1557 est,
668 1523 766 1557 Apoc„
780 1529 801 1557 1,
818 1523 845 1550 et
859 1521 999 1559 deinceps

221 1576 274 1604 per
285 1570 388 1597 totum.

499 1646 639 1680 CAPUT
664 1646 721 1680 IV.

430 1727 464 1754 Dc
483 1728 666 1755 consolatione
686 1728 794 1755 divina.

257 1803 415 1838 Postquam
435 1802 584 1831 Abraham
608 1803 696 1830 exivit
723 1803 760 1830 de
786 1804 863 1830 terra
885 1810 939 1829 sua
960 1801 1000 1829 ad

221 1848 395 1877 mandatum
418 1849 553 1884 Domini,
577 1849 639 1885 ipse
669 1849 809 1876 Dominus
831 1847 999 1876 consolatus

221 1897 264 1922 est
286 1903 355 1923 eum
382 1895 506 1924 diversis
528 1896 765 1932 apparitionibus
789 1898 816 1923 et
840 1894 998 1923 revelatio-

221 1941 321 1976 nibus,
335 1943 399 1970 Gen.
415 1951 467 1977 xil,
480 1951 531 1977 xv,
546 1951 604 1971 xvii
621 1945 648 1970 et
662 1950 742 1970 xvui.

256 1988 387 2024 Fugienti
411 1989 502 2017 Jacob
525 1997 543 2018 a
563 1989 637 2017 faeie
662 1989 757 2017 fratris
780 1989 842 2023 sui,
864 1991 892 2017 et
912 1996 1000 2025 super

221 2035 352 2072 lapidem
376 2036 549 2071 dormienti,
569 2036 706 2072 apparuit
735 2037 892 2071 Dominus,
922 2038 950 2064 et
973 2035 1001 2063 ei

221 2091 362 2118 magnam
376 2083 611 2111 consolationem
626 2083 744 2117 infudit,
760 2083 836 2118 Gen„
851 2091 952 2111 xxviii.

255 2131 397 2166 Apparuit
417 2130 557 2158 Dominus
580 2130 670 2166 Moysi
692 2130 838 2165 exulanti,
870 2132 897 2157 ct
929 2138 999 2157 oves

221 2178 351 2213 pascenti
368 2187 374 2205 z
392 2177 475 2213 quod
490 2185 551 2204 non
567 2177 672 2205 accidit
687 2177 723 2211 ei,
740 2177 875 2212 quaudiu
887 2177 999 2204 nutrie-

222 2224 309 2251 batur
324 2224 353 2251 in
368 2224 460 2251 domo
474 2224 644 2252 Pharaonis
662 2224 762 2258 Emod„
778 2232 819 2251 111.

258 2270 336 2298 Filiis
351 2270 439 2298 lsrael
455 2270 485 2297 in
505 2270 621 2297 desei-to
637 2270 710 2306 pluit
725 2278 835 2297 manua
853 2270 889 2298 de
905 2270 998 2305 eoelo,

222 2317 328 2351 Emi„
343 2324 413 2344 xvn.
432 2319 501 2344 ltem
517 2324 619 2344 earnes
642 2318 669 2344 et
690 2325 800 2352 aquam
814 2317 925 2352 pluries
946 2318 1000 2345 Do-

222 2363 320 2391 minus
335 2363 512 2391 miraculose
528 2363 621 2391 dedit.

258 2412 371 2447 Moyses
390 2411 420 2438 in
438 2412 539 2438 monte
555 2410 682 2437 existens
698 2417 767 2437 cum
786 2410 910 2438 Domino
926 2418 999 2446 qua-

222 2458 360 2493 draginta
384 2457 490 2485 diebus
512 2458 539 2484 et
562 2456 759 2493 quadraginta
777 2457 915 2484 noctibus
939 2465 999 2485 non

222 2504 433 2538 manducavit,
462 2511 558 2540 neque
587 2503 677 2537 bibit3
704 2503 890 2532 reficiebatur
919 2503 998 2531 enim

222 2552 326 2580 divino
339 2551 501 2587 colloquio.
517 2551 617 2583 Exod..
632 2558 732 2578 xxxiv.

258 2599 332 2627 Dixit
347 2599 487 2627 Dominus
507 2597 546 2626 ad
560 2599 661 2632 Josue‚
683 2598 777 2633 Jusue,
793 2605 803 2625 1
820 2606 826 2625 z
851 2607 864 2623 a
877 2599 940 2626 Non
955 2597 999 2625 di-

255 2700 289 2731 (a)
304 2700 363 2725 Caet.
377 2699 436 2724 eclzt.
452 2700 563 2728 Patmos
577 2700 601 2722 et
617 2697 652 2722 sic
665 2697 794 2728 deinceps.
805 2710 835 2715 —
846 2697 880 2729 (b)
892 2698 951 2722 Item
962 2699 998 2722 et.

834 235 968 268 BlBLIA
989 233 1220 268 PAUPERUM.

1052 302 1168 331 mittam
1179 310 1234 331 nec
1249 302 1459 339 derelinquam
1473 304 1515 339 te;
1530 302 1710 341 confortare,
1727 306 1757 335 et
1769 307 1832 362 esto

1049 349 1204 385 robustus,
1220 359 1234 376 i>
1251 351 1306 378 etc.

1089 396 1230 433 Praecepit
1250 396 1406 432 Dominus,
1424 398 1458 425 nt
1473 397 1555 426 corvi
1569 399 1723 434 portarent
1742 399 1833 429 bisin

1053 442 1101 471 die
1113 451 1223 479 panem
1237 445 1266 471 et
1277 451 1379 472 carnes
1393 443 1462 472 Eliae
1471 465 1479 479 ,
1495 445 1528 473 111
1542 445 1622 480 Rea„
1635 453 1707 474 xvn.
1723 447 1833 475 lterum

1051 490 1189 526 posthoc
1203 490 1341 527 apparuit
1360 491 1502 519 Dominus
1515 491 1561 526 ei,
1573 499 1643 519 cum
1656 491 1771 528 sugeret
1787 493 1833 521 Je-

1051 536 1156 572 zabel,
1171 537 1256 573 quus
1271 537 1433 574 prophetas
1451 536 1562 566 fecerat
1575 537 1690 574 occidi,
1706 539 1738 568 ΙΙΙ
1754 540 1832 575 Req„

1052 591 1111 612 xix.

1088 629 1249 658 Efficaciter
1270 630 1439 660 consolatus
1458 632 1501 659 est
1515 630 1658 660 Dominus
1679 631 1833 661 Ezechiam

1051 683 1105 712 per
1126 676 1309 713 prophetam
1327 679 1355 706 et
1379 685 1433 715 per
1457 678 1621 714 Angelum,
1650 678 1702 715 qui
1727 678 1835 707 occidit

1052 725 1172 752 centum
1194 723 1345 759 octoginta
1367 723 1501 760 quinque
1526 724 1621 753 millia
1641 725 1679 753 de
1704 725 1832 754 exercitu

1051 771 1129 806 regis
1143 771 1330 807 Assyriorum
1340 791 1347 804 ‚
1363 772 1396 799 lv
1410 772 1487 806 Req„
1503 779 1562 800 xix.

1087 817 1237 846 Exauditae
1249 819 1317 845 sunt
1338 817 1447 846 eodem
1464 813 1597 854 tem'pore
1612 819 1762 847 orationes
1774 821 1830 848 To-

1052 863 1109 892 bioe
1124 866 1152 892 et
1161 864 1253 892 Sarroe
1259 873 1267 900 ;
1279 865 1308 892 et
1320 864 1427 892 missus
1442 867 1485 893 est
1495 864 1623 900 Angelus
1639 865 1765 901 Domini,
1780 866 1833 902 qui

1053 913 1170 939 curaret
1185 911 1291 939 ambos
1312 921 1318 939 z
1340 912 1458 940 Sari-am
1485 911 1623 939 videlicet
1641 920 1659 940 a
1686 912 1833 942 daemouio

1052 958 1133 986 viros
1147 957 1227 986 illius
1245 957 1453 993 interficiente,
1472 959 1501 986 et
1517 958 1640 987 'sobiam
1652 958 1801 987 seniorem
1816 967 1834 987 a

1053 1004 1180 1033 caecitate
1195 1008 1221 1033 et
1236 1007 1418 1042 paupertate.
1435 1006 1515 1039 rob„
1530 1013 1573 1034 111.

1089 1051 1236 1088 Populum
1264 1052 1351 1080 lsrael
1381 1052 1554 1080 existentem
1579 1052 1609 1079 in
1641 1052 1780 1087 angustia
1806 1054 1835 1080 et

1053 1098 1158 1126 timore
1186 1106 1241 1134 pro
1265 1098 1395 1126 exercitu
1421 1097 1596 1133 holofernis,
1623 1098 1762 1134 dignatus
1791 1101 1835 1127 est

1053 1145 1195 1172 Dominus
1217 1153 1270 1181 per
1284 1153 1408 1173 manum
1422 1145 1510 1173 unius
1527 1145 1644 1173 semime
1658 1145 1834 1174 mirabiliter

1053 1191 1212 1220 consolari.
1227 1192 1334 1227 Judith,
1347 1200 1377 1227 x,
1394 1194 1422 1220 et
1436 1191 1586 1229 deinceps.

1089 1238 1237 1267 Convertit
1251 1239 1392 1267 Dominus
1407 1238 1520 1267 luctum
1531 1238 1702 1267 Judaeorum
1717 1239 1748 1267 in
1762 1246 1833 1275 gau·

1055 1284 1154 1319 dium,
1181 1285 1303 1321 quando
1331 1285 1402 1321 ipsi,
1425 1288 1602 1321 procurante
1626 1285 1740 1319 Esther,
1765 1293 1835 1313 suos

1053 1331 1172 1366 hostes,
1192 1331 1244 1368 qui
1271 1331 1310 1360 ad
1326 1332 1545 1368 jugulationem
1564 1340 1669 1361 corum
1695 1340 1726 1360 se
1745 1340 1834 1368 para·

1055 1380 1168 1412 verant,
1183 1378 1366 1413 occiderunt,
1382 1380 1490 1414 Esther,
1507 1387 1547 1407 ix.

1090 1426 1223 1455 Notabile
1235 1429 1287 1459 est,
1304 1426 1386 1463 quod
1397 1427 1520 1464 quando
1535 1426 1666 1463 populus
1680 1426 1769 1454 lsrael
1780 1425 1835 1454 fuit

1054 1473 1085 1501 in
1099 1474 1228 1502 maxima
1246 1474 1420 1509 afflictione,
1436 1474 1546 1502 scilicet
1559 1475 1694 1510 tempore
1713 1473 1834 1509 captivi-

1055 1520 1119 1548 tatis
1151 1520 1339 1556 Babylonicae
1352 1542 1361 1555 ,
1389 1521 1490 1557 plures
1518 1520 1623 1549 habuit
1652 1520 1813 1557 prophetas
1823 1540 1833 1556 ‚

1055 1575 1146 1603 quam
1161 1569 1295 1603 ternpore
1309 1568 1491 1603 Salomonis,
1505 1568 1627 1604 quando
1640 1567 1694 1596 ruit
1707 1568 1738 1596 in
1751 1576 1834 1603 mag-

1055 1622 1093 1642 na
1108 1615 1310 1650 prosperitate.
1335 1616 1406 1642 Nam
1424 1614 1582 1642 Hieremias
1596 1614 1650 1643 fuit
1668 1614 1700 1642 in
1715 1614 1833 1649 Judoea;

1055 1661 1185 1689 Ezechiel
1201 1663 1229 1689 et
1244 1661 1353 1694 Daniel,
1370 1661 1400 1688 in
1413 1661 1559 1689 Chaldaea.

1091 1708 1220 1743 Angelus
1235 1707 1349 1735 Domini
1362 1707 1494 1735 ascendit
1506 1715 1574 1735 cum
1587 1707 1689 1735 Azaria
1705 1709 1732 1735 et
1746 1706 1834 1735 sociis

1055 1755 1119 1789 ejus
1134 1754 1163 1781 in
1179 1754 1341 1787 fornacem,
1357 1755 1384 1781 et
1399 1754 1525 1781 excussit
1539 1753 1692 1781 flammam
1707 1752 1783 1788 ignis
1797 1753 1834 1781 de

1054 1800 1184 1834 fornace,
1204 1802 1232 1828 et
1246 1800 1313 1827 tecit
1326 1800 1458 1828 medium
1472 1799 1600 1828 fornacis
1615 1799 1699 1835 quasi
1713 1801 1834 1827 ventum

1055 1847 1130 1875 roris
1146 1846 1278 1882 flantem,
1294 1848 1377 1882 Dan„
1390 1855 1430 1874 ιιι.
1448 1848 1500 1874 Per
1515 1846 1599 1883 quod
1613 1848 1736 1882 apparet
1752 1845 1835 1882 quod

1056 1894 1139 1922 omni
1162 1894 1242 1929 loeo,
1270 1894 1352 1922 omni
1381 1897 1512 1930 tempore
1539 1896 1644 1930 parata
1669 1895 1712 1921 est
1734 1893 1836 1921 divina

1055 1942 1148 1978 pietas
1157 1942 1311 1970 hominem
1326 1941 1502 1969 confortare.

1092 1988 1242 2016 Danielem
1256 1988 1302 2016 bis
1312 1988 1442 2024 positum
1453 1988 1483 2015 in
1498 1988 1565 2016 lacu
1580 1987 1715 2023 leonum,
1731 1994 1836 2017 conso-

1056 2035 1132 2063 latus
1150 2037 1193 2063 est
1214 2035 1370 2070 Dominus,
1391 2035 1489 2071 primo
1511 2034 1655 2063 mittendo
1674 2034 1834 2070 angelum,

1057 2084 1107 2120 qui
1126 2083 1248 2112 leonum
1271 2092 1325 2112 ora
1348 2084 1509 2119 conclusit,
1531 2085 1617 2118 Dan„
1637 2092 1682 2119 νη
1703 2083 1835 2112 secundo

1056 2139 1109 2167 per
1131 2131 1266 2159 Haliaeuc
1286 2130 1474 2166 prophetam,
1490 2130 1612 2167 quando
1628 2130 1665 2158 de
1680 2130 1780 2158 Judoea
1804 2130 1834 2157 in

1057 2177 1224 2205 Chaldaeam
1241 2185 1309 2206 cum
1328 2178 1395 2205 cibo
1411 2186 1464 2214 per
1486 2177 1630 2213 Angelum
1652 2179 1834 2213 transporta-

1056 2224 1108 2259 vit,
1127 2226 1210 2259 Dan„
1225 2232 1281 2252 xiv.

1091 2273 1258 2299 Susannam
1269 2270 1450 2299 calumniose
1462 2271 1634 2299 damnatam
1644 2270 1750 2307 eripuit
1760 2271 1834 2298 Deus

1056 2325 1092 2345 ex
1107 2317 1255 2353 insperato
1270 2325 1323 2353 per
1338 2317 1488 2346 Danielem
1502 2326 1638 2355 puerum,
1653 2319 1736 2351 Dan„
1751 2323 1814 2344 xin.

1091 2364 1291 2399 Machameus,
1311 2366 1338 2391 ct
1362 2365 1413 2401 qui
1432 2373 1500 2392 cum
1525 2373 1560 2393 eo
1581 2366 1680 2397 erant,
1701 2363 1835 2390 videntes

1056 2411 1223 2447 adjutorem
1239 2420 1256 2440 a
1272 2413 1328 2440 Deo
1348 2412 1404 2440 sibi
1423 2412 1547 2440 missum
1562 2413 1589 2439 et
1604 2411 1729 2444 ducem,
1744 2410 1834 2437 bene-

1056 2458 1194 2486 dixerunt
1210 2458 1434 2487 misericordem
1449 2460 1556 2493 Deum,
1573 2460 1601 2486 et
1619 2456 1834 2485 convaluerunt

1055 2505 1172 2540 animis,
1187 2506 1206 2532 ΙΙ
1218 2506 1320 2540 Maca,
1335 2513 1376 2534 xl.

1091 2553 1166 2580 Bene
1187 2552 1320 2588 implevit
1341 2552 1481 2580 Dominus
1500 2550 1730 2587 promissionem
1748 2557 1833 2577 suam

1055 2598 1338 2634 Apostolissacta1n‚
1357 2607 1417 2635 qua
1439 2597 1553 2625 dixerat
1574 2597 1615 2624 eis
1635 2596 1728 2625 alium
1744 2604 1832 2632 para—

1056 2645 1158 2673 clitum
1181 2653 1211 2673 se
1235 2646 1413 2680 missurum,
1439 2644 1560 2680 quando
1584 2644 1662 2672 misit
1686 2644 1727 2671 eis
1744 2642 1833 2679 Spiri-

1055 2694 1118 2720 tum
1137 2694 1272 2720 sanetum
1292 2693 1323 2720 in
1344 2691 1391 2720 die
1410 2692 1608 2725 Pentecostes,
1630 2690 1681 2727 qui
1703 2698 1753 2719 eos
1773 2691 1832 2718 tam
