2004 3037
666 221 716 254 DE
738 219 910 254 SEPTIMO
932 219 1107 254 ITINERE.
1132 220 1233 255 DIST.
1257 222 1280 254 l.

161 290 279 326 tialem,
293 292 326 319 ut
339 292 414 320 esset
426 290 516 320 nobis
532 290 564 319 in
581 289 773 318 refectionem
780 309 791 325 ,
811 289 864 326 qui
879 289 944 318 des-

162 337 262 367 cendit
274 337 312 367 de
327 337 403 367 coelo
417 337 506 367 nobis
525 339 723 374 praeparatus,
740 338 768 366 et
784 336 899 366 habens
913 337 945 365 in

162 393 192 414 se
221 392 311 414 omne
334 385 583 414 delectamentum
607 385 635 412 et
656 391 778 413 omnem
805 391 945 421 saporem

163 431 334 468 suavitatis,
351 434 384 460 ut
397 439 451 469 per
471 431 571 469 ipsum
590 431 715 460 dulciter
729 430 899 460 reficiamur
913 430 945 459 in

160 479 224 515 via,
245 487 282 508 ne
309 479 502 514 deficiamus,
525 478 579 507 sed
601 478 640 507 ad
662 479 806 507 aeternum
829 479 945 507 Patrem

160 525 349 555 reducamur.
364 527 436 554 Ecce
455 525 525 554 dicit
541 527 624 562 Ilugo
645 527 654 544 ²
672 534 678 553 :
703 534 718 552 (ε
733 526 828 553 Unum
850 525 945 553 fercu-

160 572 225 601 lum
251 573 429 610 proponitur
456 573 488 601 in
514 580 617 601 mensa
636 571 775 607 Domini3
800 572 854 600 scd
881 571 944 601 noli

161 622 367 656 contemnere,
393 619 523 648 continet
548 619 629 648 enim
659 619 691 647 in
715 627 746 647 se
771 627 860 648 omne
888 619 944 648 bo-

159 674 244 698 num.
259 677 273 695 »
296 667 354 695 Sed
367 667 444 695 hanc
464 666 657 695 refectionem
681 674 742 695 non
758 674 862 694 omnes
878 674 945 702 gus-

160 715 231 744 tant.
253 715 320 751 Ipsa
338 713 419 742 enim
437 721 498 743 una
522 716 564 742 est
583 713 758 750 singularis,
783 714 855 750 quia.
876 722 944 742 cum

160 760 259 790 aliena
283 762 312 789 et
339 762 480 789 extranea
507 761 702 789 delectatione
728 763 757 789 ct
784 761 944 789 dulcedine

159 815 221 837 non
235 808 408 845 percipitur.
430 808 538 836 Dicitur
556 808 732 843 domestica,
750 808 822 844 quia
842 808 945 836 amicis

160 856 188 884 et
200 855 400 884 familiaribus·
412 857 526 884 tantum
545 857 741 892 praeparatur.
758 855 866 884 Dicitur
880 855 945 883 uni-

159 901 234 937 fica,
250 902 321 940 quia
339 910 435 931 unum
455 910 556 931 secum
579 902 669 931 efficit
692 910 811 938 omneS,
834 902 944 939 quibus

159 957 190 978 se
209 950 388 978 sumendam
409 951 437 978 et
455 950 680 986 percipiendam
701 950 825 986 praebet.
842 959 856 976 n
879 951 944 979 Haec

159 996 219 1025 ille.
243 997 326 1025 Ficus
349 997 438 1026 etiam
458 998 582 1034 paterna
605 997 729 1033 protulit
748 997 836 1026 nobis
855 997 944 1034 Spiri-

159 1045 223 1072 tum
237 1045 376 1072 Sanctum
399 1044 681 1072 consubstantialem
703 1046 732 1072 et
749 1046 944 1080 coaeternum,

159 1091 212 1128 qui
227 1092 270 1119 est
284 1090 351 1119 fons
365 1091 486 1120 infinitae
503 1091 670 1120 dulcedinis
684 1092 792 1119 saliens
806 1091 837 1119 in
851 1092 944 1120 vitam

158 1139 308 1167 aeternam.
324 1139 447 1174 Spiritus
464 1138 544 1166 enim
562 1139 573 1155 ⁹
593 1146 664 1166 meus
678 1145 759 1174 super
778 1140 829 1166 mel
844 1139 943 1170 dulcis,

159 1193 177 1214 a
192 1194 253 1222 quo
269 1186 367 1214 omnis
385 1186 515 1214 dulcedo
532 1189 659 1215 emanat.
677 1186 759 1214 Unde
774 1186 944 1222 Gregorius,

158 1233 236 1262 libro
255 1233 358 1269 quinto
381 1235 545 1267 Moralium,
573 1234 646 1262 dicit
664 1235 686 1269 ³,
707 1234 791 1270 quod
812 1242 826 1260 «
843 1233 943 1262 unctio

159 1278 280 1314 Spiritus
301 1279 397 1307 Sancti
421 1278 493 1306 facit
518 1281 707 1307 contemnere
736 1278 945 1314 inferiora,‚et

159 1325 254 1354 elevat
274 1325 314 1354 ad
332 1325 502 1362 superiora,
519 1328 547 1354 et
565 1326 650 1362 quod
673 1325 803 1354 dulcedo
818 1326 881 1361 ejus
895 1325 943 1354 hic

159 1373 257 1401 sentiri
277 1374 388 1409 potest,
408 1381 470 1401 non
491 1373 560 1401 dici.
583 1384 596 1400 »
620 1375 702 1401 Hunc
725 1382 862 1409 grossum
877 1374 944 1402 infi-

158 1420 226 1448 nitae
241 1420 408 1451 dulcedinis
421 1422 504 1448 Pater
519 1420 607 1448 nobis
621 1421 753 1457 protulit,
771 1421 843 1449 dum
856 1421 943 1449 nobis

158 1475 228 1495 eum
254 1467 285 1494 in
307 1467 497 1495 sensibilibus
521 1468 613 1503 signis
636 1468 715 1495 misit
723 1478 730 1503 ;
759 1468 786 1496 et
809 1468 943 1504 quotidie

157 1514 344 1542 invisibiliter
363 1514 462 1542 electis
481 1514 620 1549 mittitur,
638 1515 688 1550 qui
706 1515 875 1543 itinerantes
890 1523 944 1551 per

158 1562 270 1597 septem
295 1561 385 1596 dona,
410 1561 495 1597 quasi
523 1570 577 1597 per
597 1563 710 1598 septem
736 1562 816 1596 dies,
842 1564 869 1590 et
890 1570 944 1598 per

159 1609 271 1643 septem
295 1608 470 1636 refectiones
494 1609 676 1644 spirituales,
701 1616 757 1637 nos
777 1609 816 1637 ad
844 1609 944 1637 convi-

158 1654 241 1682 vium
259 1656 437 1682 aeternorum
459 1655 582 1683 collium
600 1656 746 1692 perducit.
770 1656 851 1684 Unde
873 1657 942 1684 Gre-

158 1702 278 1737 gorius,
300 1702 378 1730 iibro
402 1703 501 1739 primo
522 1704 685 1738 Moralium,
716 1703 787 1731 dicit
805 1703 831 1737 a,
858 1703 943 1739 quod

161 1758 175 1775 α
196 1749 438 1785 unumquodque
462 1750 578 1778 donum
601 1750 723 1786 Spiritus
742 1750 839 1778 Sancti
863 1750 943 1778 diem

159 1796 343 1832 spiritualem
361 1796 429 1824 facit
448 1797 478 1824 in
497 1799 595 1825 mente
614 1805 668 1832 per
687 1805 773 1825 suam
793 1797 944 1825 illumina-

159 1843 289 1878 tionem,
305 1844 377 1871 etin
396 1843 531 1879 qualibet
549 1844 596 1871 die
617 1844 790 1872 convivium
808 1844 877 1872 facit
890 1852 944 1881 per

159 1898 245 1917 suam
260 1890 461 1918 dulcedinem.
478 1890 643 1918 Intellectus
659 1891 690 1918 in
705 1891 752 1919 die
767 1899 822 1919 suo
840 1892 942 1919 convi-

159 1937 242 1965 vium
255 1936 325 1964 facit
339 1938 367 1964 et
378 1938 541 1972 proeparat,
556 1937 626 1973 quia
639 1938 669 1965 in
683 1946 729 1973 eo,
746 1938 829 1974 quod
842 1938 943 1966 audita

163 1985 307 2020 penetrat,
321 1984 484 2012 reficiendo
498 1992 559 2018 cor,
574 1985 712 2012 tenebras
729 1985 791 2019 ejus
806 1985 941 2013 illustrat.

160 2031 310 2067 Sapientia
324 2031 355 2058 in
371 2031 418 2058 die
433 2039 487 2058 suo
503 2031 675 2059 convivium
684 2031 763 2066 facit,
776 2032 846 2067 quia
860 2040 944 2060 men-

159 2080 219 2106 tem
232 2079 410 2106 aetcrnorum
424 2086 476 2114 spe
492 2080 521 2106 et
537 2078 708 2106 certitudine
722 2078 826 2106 reficit.
841 2079 943 2106 Consi-

160 2125 235 2153 lium
248 2125 279 2153 in
299 2125 347 2153 die
363 2133 417 2153 suo
434 2125 606 2153 convivium
625 2126 762 2161 exhibet,
783 2126 853 2162 quia
870 2126 944 2154 dum

160 2171 341 2208 praecipitem
358 2180 420 2199 esse
440 2172 597 2208 prohibet,
617 2173 732 2200 ratione
746 2173 882 2200 animum
898 2181 944 2201 re-

161 2218 230 2254 plet.
246 2217 398 2246 Fortitudo
411 2217 442 2245 in
457 2218 505 2246 die
522 2227 575 2246 suo
593 2220 764 2247 convivium
780 2219 859 2254 facit,
873 2220 944 2255 quia

162 2266 235 2293 dum
249 2264 375 2292 adversa
388 2272 450 2292 non
462 2266 575 2300 metuit,
587 2266 747 2302 trepidanti
758 2267 850 2294 menti
861 2267 944 2294 cibos

161 2311 347 2340 confidentiae
364 2312 497 2347 apponit.
514 2313 640 2342 Scientia
659 2313 689 2341 in
704 2313 751 2341 die
771 2322 826 2341 suo
846 2314 944 2342 convi-

160 2359 243 2386 vium
257 2360 418 2394 praeparat,
435 2358 507 2394 quia
521 2359 551 2386 in
566 2362 666 2388 ventre
685 2361 792 2388 mentis
805 2360 944 2395 ignoran-

161 2404 361 2441 tiaejejunium
370 2408 488 2441 reparat
500 2406 546 2442 (a).
559 2407 652 2435 Pietas
667 2408 699 2435 in
714 2408 762 2435 die
777 2416 830 2435 suo
842 2408 944 2436 convi-

161 2451 244 2480 vium
259 2452 391 2486 exhibet,
404 2452 475 2488 quia
490 2453 588 2481 cordis
606 2454 719 2482 viscera
734 2454 944 2482 misericordiae

162 2499 304 2534 operibus
327 2499 429 2535 replet.
451 2500 550 2528 Timor
568 2501 599 2529 in
623 2502 670 2530 die
694 2510 748 2530 suo
771 2502 943 2530 convivium

161 2545 240 2580 facit,
258 2546 329 2582 quia
344 2546 417 2574 dum
431 2548 538 2583 premit
552 2551 693 2583 mentem,
710 2558 747 2577 ne
763 2550 800 2577 de
815 2557 942 2585 praesen-

195 2632 199 2644 ¹
213 2631 290 2661 Hug..
299 2630 325 2654 in
337 2638 392 2661 cap.
404 2633 468 2662 sept.
480 2633 757 2666 sizzqel.111'er.,lih.Vl,
766 2636 823 2658 ante
835 2635 902 2660 med.
913 2648 942 2652 —

162 2666 170 2680 ²
182 2665 270 2694 Ecclz'.,
280 2671 353 2696 niv,
362 2667 434 2690 22—
446 2667 455 2682 ³
465 2668 750 2699 Greg.,Moral.,lib.V.
763 2678 784 2694 c.
797 2676 853 2702 x1x,
865 2670 941 2701 paulo

162 2703 220 2735 post
233 2702 348 2733 princ.—
366 2702 459 2733 ⁴1bid.,
478 2703 521 2728 lib.
540 2705 557 2734 t,
576 2712 598 2730 c.
616 2712 667 2730 xv1.
680 2707 727 2724 —s
742 2707 748 2730 l
767 2707 834 2733 Con,
854 2712 881 2736 11,
901 2710 937 2731 15.

1724 223 1784 256 4⁷3

1001 289 1082 318 tibus
1099 290 1265 327 superbiat,
1282 290 1320 319 de
1334 290 1435 320 futuro
1452 290 1537 319 illam
1551 289 1620 319 cibo
1634 289 1698 328 spei
1712 298 1784 320 con-

1001 336 1099 366 fortat.
1113 347 1129 364 »
1146 338 1210 366 Haec
1224 337 1284 366 ille.
1302 339 1334 366 Et
1354 338 1396 366 sic
1413 338 1569 374 itinerans,
1584 338 1624 367 ad
1637 338 1783 368 aeternita-

1002 385 1062 412 tem
1089 384 1273 413 confidenter
1295 386 1324 413 et
1351 385 1492 415 velociter
1519 385 1638 414 incedit.
1664 386 1697 414 Et
1721 385 1784 415 hoec

1003 430 1085 460 dona
1103 431 1195 460 sancti
1209 431 1332 468 Spiritus
1346 433 1415 460 sunt
1431 431 1571 468 quoedam
1587 431 1784 469 perfectiones

1002 478 1125 514 animae,
1152 487 1205 516 per
1231 487 1307 516 quas
1331 479 1467 508 redditur
1489 479 1567 508 bene
1595 480 1716 508 mobilis
1744 479 1784 509 ad

1002 528 1109 555 aeterna
1123 527 1385 564 consequendum,
1408 529 1436 556 et
1457 527 1617 556 exercitata
1637 527 1677 556 ad
1693 536 1783 564 expe-

1001 573 1150 609 riendum,
1161 573 1232 610 quia
1239 574 1249 591 ⁶
1258 575 1416 610 spiritualis
1425 575 1516 602 omnia
1526 574 1665 609 diiudicat
1679 574 1726 611 (b).
1738 575 1784 603 Ad

1002 619 1086 655 cuius
1099 620 1268 649 aeternitatis
1281 620 1403 657 plenam
1421 620 1634 657 experientiam
1649 628 1704 649 nos
1717 629 1784 657 per-

1002 667 1092 696 ducat
1102 669 1212 696 aeterna
1224 668 1380 704 sapientia,
1388 667 1563 697 benedictus
1575 669 1662 697 Deus.
1678 669 1782 697 Amen.

1007 788 1057 826 DE
1095 787 1259 825 SEPTIMO
1295 787 1450 825 ITINERE
1485 787 1773 835 AETERNITATIS,

1074 878 1142 902 Quor>
1152 878 1197 898 usr
1207 878 1367 899 AErsmvonnm
1376 879 1516 899 munii-oum
1527 878 1653 899 omnmo
1664 870 1710 907 (c).

1036 954 1199 991 Septimum
1213 955 1268 983 iter
1282 954 1465 989 aeternitatis,
1480 961 1534 991 per
1557 954 1641 991 quod
1665 954 1784 991 spiritus

1000 1003 1100 1030 noster
1121 1002 1201 1030 venit
1222 1001 1261 1030 ad
1281 1001 1475 1030 intrinsecum
1493 1004 1639 1030 secretum
1653 1003 1682 1030 et
1701 1003 1784 1030 oeter-

1000 1049 1068 1078 nale
1080 1049 1247 1078 manerium
1259 1049 1374 1078 Domini
1388 1051 1466 1085 Jesu,
1477 1050 1520 1077 est
1531 1051 1710 1077 aeternorum
1723 1057 1784 1077 me-

1000 1097 1102 1125 ritoria
1122 1097 1271 1133 operatio,
1288 1097 1349 1125 sive
1365 1096 1534 1129 deiformis,
1552 1096 1585 1124 id
1599 1098 1641 1125 est
1649 1117 1659 1131 ,
1675 1096 1784 1125 divinae

1001 1144 1182 1180 operationis
1197 1143 1379 1172 conformis:
1399 1144 1456 1172 nisi
1477 1144 1557 1172 enim
1576 1151 1669 1180 opera
1682 1145 1784 1172 nostra

1000 1193 1096 1219 essent
1109 1191 1164 1219 iter
1178 1191 1218 1219 ad
1233 1193 1358 1226 aeterna,
1375 1191 1517 1220 Dominus
1530 1199 1593 1220 non
1606 1191 1717 1219 diceret
1728 1190 1738 1207 ‘³
1752 1198 1783 1219 se

999 1238 1188 1267 redditurum
1200 1240 1348 1274 unicuique
1359 1239 1505 1267 secundum
1521 1246 1605 1274 opera
1619 1246 1680 1266 sua.
1695 1238 1785 1273 Opera

1000 1288 1070 1314 enim
1085 1287 1194 1313 illorum
1206 1288 1356 1321 sequuntur
1366 1287 1441 1320 illos,
1452 1285 1525 1313 sicut
1541 1285 1612 1313 dicit
1621 1286 1631 1303 '¹
1644 1286 1782 1314 Joannes.

999 1333 1044 1362 Ad
1058 1333 1205 1368 majorem
1224 1335 1323 1361 autem
1342 1333 1431 1368 hujus
1448 1332 1561 1361 itineris
1579 1332 1716 1361 notitiam
1729 1332 1784 1361 ha-

999 1380 1143 1415 bendam,
1156 1381 1270 1416 septem
1285 1381 1353 1408 sunt
1367 1380 1513 1409 notanda.

1035 1427 1144 1462 Primo,
1160 1435 1254 1463 quare
1272 1427 1327 1455 iter
1341 1427 1500 1455 meritoriae
1515 1426 1699 1464 operationis
1712 1433 1784 1464 prae-

1000 1474 1136 1503 cedentia
1149 1474 1254 1502 itinera
1268 1474 1478 1510 subsequatur.

1036 1521 1183 1556 Secundo,
1195 1529 1289 1558 quare
1301 1523 1407 1549 natura
1421 1520 1574 1550 rationalis
1588 1520 1628 1549 ad
1636 1520 1695 1549 hoc
1707 1520 1784 1550 facta

999 1569 1035 1597 sit
1046 1569 1085 1606 (a)
1100 1569 1184 1605 quod
1195 1571 1347 1606 operetur,
1359 1570 1387 1597 et
1400 1570 1543 1597 aeternum
1558 1568 1650 1598 finem
1659 1576 1713 1605 per
1726 1568 1784 1597 hoc

1000 1617 1210 1653 consequatur.

1034 1664 1146 1698 Tertio,
1163 1671 1256 1700 quare
1270 1662 1364 1691 homo
1381 1662 1546 1691 secundum
1565 1662 1716 1699 duplicem
1730 1669 1784 1691 na-

999 1712 1108 1746 turam,
1124 1709 1313 1746 corporalem
1327 1710 1438 1738 scilicet
1453 1711 1481 1738 et
1499 1709 1695 1747 spiritualem,
1712 1717 1783 1746 ope-

998 1758 1057 1786 rari
1073 1760 1218 1786 teneatur.

1035 1807 1161 1841 Quarto,
1178 1805 1305 1842 qualiter
1325 1805 1460 1842 operatio
1480 1805 1636 1842 utriusque
1653 1806 1781 1842 naturae,

999 1853 1164 1889 corporalis
1185 1852 1294 1881 scilicet
1314 1854 1342 1881 et
1361 1852 1535 1889 spiritualis,
1553 1852 1706 1881 deiformis
1723 1852 1784 1881 effi-

999 1901 1102 1929 ciatur.

1042 1948 1149 1982 Quinto
1158 1968 1166 1982 ‚
1196 1947 1323 1984 qualiter
1352 1947 1463 1974 diversi
1491 1946 1602 1982 gradus
1629 1946 1782 1982 utriusque

1000 1995 1180 2031 operationis
1193 1994 1242 2022 vel
1257 1993 1371 2029 specics
1387 1993 1617 2028 distinguantur.

1036 2043 1138 2076 Sexto,
1153 2041 1282 2077 qualiter
1303 2040 1423 2076 spiritus
1437 2047 1491 2076 per
1506 2041 1664 2076 utramque
1678 2039 1782 2074 vitam,

999 2089 1108 2116 scilicet
1123 2088 1249 2116 activam
1264 2089 1293 2116 et
1308 2086 1588 2122 contemplativam,
1612 2085 1652 2114 ad
1672 2088 1782 2115 aeterna

999 2135 1196 2171 ingrediatur.

1035 2182 1176 2218 Septimo,
1187 2181 1315 2218 qualiter
1330 2181 1370 2209 ad
1384 2180 1568 2209 veniendum
1581 2188 1636 2216 per
1649 2181 1704 2209 iter
1717 2188 1778 2209 me-

998 2229 1107 2259 ritoriae
1122 2229 1303 2266 operationis
1317 2236 1335 2257 a
1350 2227 1476 2257 Domino
1492 2227 1639 2256 invitetur.

1243 2322 1487 2357 DISTINCTIO
1511 2324 1537 2356 Ι.

1041 2399 1130 2432 Quare
1149 2400 1201 2426 iter
1219 2398 1365 2425 meritoriae
1385 2399 1550 2433 operationis
1568 2397 1746 2432 proecedentia
1775 2427 1778 2430 ,

1237 2444 1340 2470 itinera
1360 2443 1546 2478 subsequatur.

1035 2513 1131 2541 Primo
1154 2512 1321 2540 notandum
1345 2513 1404 2546 est,
1421 2510 1505 2547 quod
1521 2518 1590 2538 cum
1609 2509 1735 2545 aliquIS,
1750 2509 1781 2537 in

998 2559 1203 2597 spiritualibus
1224 2559 1415 2594 exercitatus,
1436 2558 1523 2586 suerit
1547 2556 1586 2586 ad
1608 2558 1716 2584 aeterna
1735 2555 1780 2584 di-

998 2635 1155 2664 —0M11rtl1.,
1170 2641 1224 2664 mi,
1240 2636 1278 2658 27.
1289 2645 1319 2652 -
1331 2635 1338 2648 ⁷
1349 2635 1436 2664 Apoc„
1448 2632 1633 2663 Xiv,13.-—(a)
1649 2631 1691 2656 Al.
1705 2638 1778 2662 sepa-

997 2674 1077 2695 rat,——
1091 2671 1121 2700 (b)
1130 2671 1204 2701 Vulg.
1214 2670 1359 2701 judz'cat.-
1372 2670 1398 2700 (c)
1410 2669 1542 2693 caet.edit.
1551 2675 1604 2692 non
1613 2668 1708 2692 habent
1716 2667 1782 2698 quod

997 2712 1032 2731 est
1046 2709 1194 2731 moruorum
1211 2707 1341 2729 meritoria
1356 2706 1508 2737 operatio.—
1527 2704 1559 2735 (d)
1576 2705 1636 2729 Caet.
1651 2703 1713 2728 eclz't.
1730 2705 1778 2727 est.
