2004 3037
204 213 265 245 502

204 285 298 316 quam
310 277 380 307 faeti
398 277 445 306 sui
463 277 602 315 poenitet,
621 276 706 314 cujus
720 278 765 306 est
784 277 824 307 de
841 279 984 308 omnibus

204 325 328 355 omnino
347 325 440 354 rebus
456 326 519 353 tam
537 323 599 353 fixa
616 324 773 354 sententia.
791 324 850 354 Sed
870 325 897 354 si
919 333 984 355 non

203 373 302 401 utatur
314 371 464 409 Scriptura
477 370 586 400 talibus
595 370 713 407 verbis,
725 379 788 400 non
799 379 832 400 se
845 372 982 409 quodam

203 418 296 449 modo
309 419 486 447 familiarius
499 417 662 447 insinuabit
675 418 758 447 omni
773 419 875 455 generi
887 419 984 448 homi·

203 474 294 503 num,
309 466 420 503 quihus
433 466 498 495 vult
509 473 572 495 esse
586 465 771 501 consultum,
785 467 818 494 ut
831 467 861 494 et
873 467 984 503 perter-

202 514 266 543 reat
291 512 496 551 superbientes
507 533 516 549 ‚
541 514 571 541 et
597 512 704 541 excitet
724 512 910 548 negligentes
920 534 931 550 ‚
954 515 983 542 et

204 562 339 590 exerceat
352 561 532 597 quaerentes,
547 560 576 588 et
590 559 650 588 alat
663 559 860 596 intelligentes
869 569 879 596 3
897 559 983 597 quod

203 615 266 637 non
279 607 403 642 faceret,
418 607 443 636 si
456 615 519 637 non
535 615 566 636 se
579 607 663 644 prius
677 607 847 642 inclinaret,
864 609 893 637 et
907 616 983 646 quo-

204 655 275 684 dam
287 655 382 684 modo
396 654 589 684 descenderet
603 654 642 684 ad
654 655 794 691 jacentes.
803 665 818 681 ι)

238 703 313 738 Quia
332 704 447 739 Moyses
463 701 606 730 ducatum
627 701 733 739 populi
754 702 906 739 recipere,
925 703 982 732 Do-

202 749 285 779 mino
297 749 436 786 jubente,
456 748 626 778 multotiens
646 749 808 785 recusavit,
827 749 921 778 iratus
939 751 983 779 est

202 798 344 827 Dominus
358 797 390 826 in
402 798 558 834 Moysen.»
574 797 678 831 ,Εωοαυ
691 804 730 826 iv.

236 846 330 874 Iratus
344 845 387 873 est
400 843 541 872 Dominus
555 843 587 871 in
599 842 764 880 AEgyptios,
779 842 832 880 qui
847 842 982 872 detinue-

202 893 271 921 runt
284 892 313 920 et
326 890 497 920 afflixerunt
517 889 667 927 populum
679 897 784 924 suum,
808 891 837 919 et
859 889 983 918 tandem

202 939 363 969 voluerunt
374 937 514 976 persequi
527 937 708 967 recedentes.
722 937 826 973 Eaeod„
835 944 893 966 xv:
909 947 923 964 ιι
933 937 982 966 Mi-

204 986 266 1015 sisti
279 986 356 1015 iram
368 987 467 1020 tuam,
481 995 496 1012 n
514 986 569 1014 etc.

239 1034 353 1070 Moyses
377 1032 483 1062 orabat
507 1033 620 1067 Deum,
650 1030 752 1060 dicens
776 1039 784 1060 ε
803 1040 818 1058 α
836 1031 906 1066 Cur,
926 1031 982 1060 Do-

204 1080 285 1110 mine
300 1101 310 1117 ,
339 1079 474 1109 irascitur
499 1079 583 1108 furor
609 1080 677 1107 tuus
701 1080 806 1107 contra.
833 1078 982 1115 populum

203 1130 299 1163 tuum,
312 1137 326 1155 n
342 1129 396 1157 etc.
405 1128 420 1155 ‘1
434 1125 576 1154 Videlicet
588 1128 711 1162 propter
724 1125 851 1154 vitulum
872 1124 984 1154 conssa-

202 1174 300 1209 tilem,
316 1173 465 1203 obtulerat
478 1173 558 1202 enim
572 1172 758 1201 holocausta.
772 1172 873 1208 Emod„
887 1180 981 1202 xxxix.

243 1232 257 1248 «
267 1220 429 1257 Flagrabat
437 1219 568 1257 populus
577 1219 724 1248 desiderio
732 1219 866 1247 carnium
877 1219 984 1247 sedens

207 1270 237 1298 et
250 1268 335 1303 flens,
347 1278 360 1294 »
378 1269 446 1303 etc.‚
461 1269 556 1302 Num„
568 1275 606 1295 w.
624 1266 761 1303 Sequitur
775 1266 866 1302 paulo
885 1267 952 1302 post
976 1275 983 1294 ε

207 1325 221 1342 ιι
235 1316 328 1345 Iratus
343 1316 386 1344 est
399 1315 482 1344 furor
497 1314 612 1342 Domini
627 1313 726 1341 valde.
743 1324 757 1339 »

240 1362 400 1392 Occasione
409 1362 446 1398 (a)
462 1361 616 1390 seditionis
636 1362 708 1390 Core
721 1380 728 1393 ,
749 1361 777 1388 et
799 1360 983 1397 complicum

206 1410 285 1447 ejus,
307 1409 447 1438 dixerunt
460 1410 575 1445 Moyses
590 1410 618 1436 et
630 1410 729 1437 Aaron
749 1407 789 1436 ad
802 1407 961 1436 Dominum
976 1417 984 1437 :

207 1456 397 1486 «Fortissime
407 1457 480 1484 Deus
495 1455 662 1492 spirituum,
678 1463 752 1482 num
767 1462 828 1483 uno
843 1456 984 1491 peccante

207 1505 309 1532 contra
324 1511 429 1531 omncs
452 1502 496 1530 ira
515 1503 567 1531 tua
585 1501 770 1530 desoevict?»
795 1501 987 1530 murmuravit

208 1551 304 1579 omnis
318 1549 478 1579 multitudo
491 1548 622 1578 filiorum
635 1548 722 1578 lsrael
738 1551 841 1576 contra
855 1551 986 1584 Moysen,

209 1600 236 1627 et
249 1601 367 1634 Aaron,
383 1598 485 1626 dicens
499 1605 506 1624 :
524 1607 538 1622 «
552 1597 610 1624 Vos
633 1595 816 1624 interfecistis
838 1595 986 1632 populum

209 1646 360 1675 Domini.»
377 1644 513 1681 Sequitur
526 1653 532 1672 :
545 1652 559 1670 «
569 1645 691 1679 Egi-essa
704 1645 747 1671 est
761 1642 804 1670 ira
818 1650 836 1670 a
851 1643 987 1677 Domino,

209 1695 236 1722 et
250 1693 341 1729 plaga
355 1691 495 1720 desaeviit.
507 1701 522 1718 ι)
538 1691 633 1725 Num,
650 1698 707 1718 xvi.

245 1740 416 1768 Fornicatus
440 1739 484 1766 est
503 1737 634 1774 populus
655 1745 724 1764 eum
744 1736 864 1764 filiabus
883 1736 968 1764 Moab
974 1745 983 1770 ;

211 1786 343 1823 sequitur
359 1794 366 1813 :
384 1786 504 1813 «Iratus
526 1783 687 1816 Dominus,
702 1783 775 1810 dixit
790 1783 830 1810 ad
844 1784 963 1818 Moysen
980 1790 987 1810 ε

210 1832 290 1862 Tolle
318 1833 439 1860 cunctos
465 1830 614 1867 principes
641 1829 763 1866 populi,
788 1831 816 1858 et
837 1829 987 1865 suspende

212 1888 273 1909 eos.
288 1889 303 1906 u
320 1880 415 1908 Num..
429 1885 496 1906 xxv.

247 1928 368 1963 Propter
389 1925 604 1954 haesitationem
627 1923 719 1960 Moysi
738 1923 778 1952 ad
801 1931 897 1960 aquas
920 1930 991 1951 eon·

212 1972 405 2006 n'adictionis,
421 1972 511 2000 iratus
525 1972 568 2000 est
582 1971 723 1998 Dominus
738 1972 842 1998 contra
856 1971 990 2006 Moysen,

213 2021 287 2049 sicut
300 2021 363 2057 ipse
380 2020 469 2054 dicit,
488 2021 610 2053 Denter„
624 2026 634 2046 1
650 2026 657 2045 :
675 2026 689 2043 «
704 2017 771 2046 Mihi
786 2017 878 2044 iratus
891 2015 992 2044 Domi-

213 2076 269 2096 nus
282 2069 404 2105 propter
417 2075 487 2102 vos,
502 2065 594 2094 dixit.-
610 2067 674 2093 Non
689 2063 865 2099 ingredieris
880 2063 963 2098 illuc,
975 2073 989 2089 n

215 2115 323 2143 scilicet
336 2115 368 2142 in
383 2115 490 2142 terram
505 2111 721 2149 promissionis.

254 2162 388 2196 «Cavete,
401 2171 413 2187 ι)
431 2160 505 2188 dixit
519 2161 643 2195 Moyses,
658 2160 831 2192 Deuter.,xi,
848 2157 992 2185 «neforte

216 2208 379 2244 decipiatur
394 2214 446 2235 cor
460 2208 602 2240 vestrum,
618 2207 646 2233 et
659 2204 804 2233 recedatis
819 2212 837 2232 a
852 2204 992 2239 Domino,

216 2254 407 2289 serviatisque
423 2253 479 2282 diis
493 2252 596 2280 alienis
607 2272 615 2286 ,
631 2254 659 2279 et
671 2251 800 2279 adoretis
814 2258 865 2279 eos
870 2271 881 2286 ‚
896 2252 924 2279 et
937 2250 994 2279 ira-

216 2303 262 2329 tus
275 2299 416 2329 Dominus
432 2299 552 2327 claudat
566 2298 686 2326 coelum.
699 2309 712 2323 »

252 2349 323 2377 Item
346 2346 462 2380 dicitur,
477 2347 555 2380 'Jos.‚
569 2352 608 2373 vn
624 2353 630 2372 :
651 2344 738 2373 «Filii
754 2344 842 2372 lsrael
856 2344 995 2380 praevari-

218 2394 273 2422 cati
287 2395 355 2422 sunt
369 2393 405 2421 de
419 2392 568 2420 mandatis
585 2391 718 2424 Domini,
734 2392 762 2418 et
776 2392 994 2426 usurpaverunt

218 2442 255 2470 de
267 2441 453 2469 anathemate
463 2448 471 2475 ;
481 2448 494 2465 υ
511 2438 643 2474 sequitur
657 2446 663 2466 z
678 2448 692 2464 «
704 2439 855 2474 iratusque
871 2439 913 2465 est
928 2445 996 2465 eon-

218 2491 261 2517 tra
275 2488 352 2516 filios
367 2486 487 2516 lsrael.»

250 2533 417 2564 Commovit
438 2533 522 2561 furor
541 2531 658 2560 Domini
681 2531 775 2560 David
789 2531 820 2559 in
835 2531 877 2559 eis
891 2531 995 2559 dicen-

217 2584 277 2611 tem
289 2581 329 2610 ad
342 2581 416 2610 Joab
434 2589 441 2608 :
461 2589 477 2606 (ι
491 2578 588 2615 vade,
605 2581 633 2608 et
655 2586 781 2607 numera
794 2577 884 2607 lsrael
900 2579 928 2606 et
946 2579 995 2606 Ju-

219 2629 298 2657 dam.
313 2638 328 2655 ι)
344 2630 366 2657 ll
382 2630 459 2663 Req„
471 2635 550 2656 xxiv.

251 2676 341 2705 iratus
355 2677 398 2704 est
411 2674 553 2703 Dominus
570 2674 675 2704 contra
688 2674 791 2708 ozam,
809 2674 838 2701 et
850 2672 996 2709 percussit

819 210 953 244 BIBLIA
974 208 1206 242 PAUPERUM.

1038 285 1126 313 eum,
1141 284 1179 306 eo
1192 277 1278 314 quod
1291 277 1434 314 tetigisset
1446 284 1548 307 arcam
1555 287 1564 315 ;
1581 279 1612 308 et
1623 281 1759 310 mortuus
1771 283 1816 311 est

1037 324 1081 353 ibi
1095 332 1198 353 eoram
1209 323 1347 354 Domino.
1361 325 1372 354 1
1387 325 1524 361 paralip„
1538 333 1601 355 xiii.

1072 372 1126 400 Per
1138 371 1342 400 idololatriam
1362 373 1391 400 et
1408 372 1553 408 auguria,
1573 374 1602 401 et
1619 372 1680 402 alia
1697 372 1816 404 diversa.

1036 419 1175 455 peecata,
1193 417 1382 447 irrItaverunt
1403 419 1502 457 Deum,
1515 418 1570 447 filii
1591 419 1689 448 lsrael.
1709 422 1814 449 Iratus-

1038 473 1096 502 que
1110 467 1152 494 est
1165 465 1307 494 Dominus
1320 465 1512 494 vehementer
1525 466 1632 501 lsrael,
1654 468 1682 495 et
1694 467 1816 496 abstulit

1038 520 1089 541 eos
1103 512 1245 540 Dominus
1257 520 1274 540 a
1289 515 1449 549 conspectu
1461 520 1528 541 suo.
1543 514 1576 542 lll
1587 514 1665 549 Rea„
1676 521 1737 543 xiv.

1072 559 1218 596 Propheta
1232 559 1268 597 (b)
1283 560 1357 587 Jehu
1373 559 1447 588 dixit
1467 560 1609 597 Josaphat
1633 560 1698 596 regi
1719 560 1814 595 Iuda,

1038 606 1088 643 qui
1105 606 1199 635 iverat
1211 606 1251 635 ad
1267 606 1403 643 praelium
1418 615 1488 635 cum
1502 607 1603 636 Achab
1620 615 1692 643 rege
1706 608 1794 637 lsrael
1807 618 1817 637 ε

1040 662 1056 680 ιι
1069 653 1164 690 lmpio
1183 653 1299 691 praebes
1316 653 1461 683 auxilium
1471 675 1482 690 ,
1507 656 1536 683 et
1556 654 1592 683 iis
1613 655 1666 691 qui
1691 655 1819 684 oderunt

1038 700 1199 729 Dominum
1224 700 1354 729 amicitia
1375 700 1527 736 jungeris,
1555 703 1584 730 et
1607 702 1719 731 idcirco
1743 702 1819 732 iram

1037 747 1155 776 Domini
1179 747 1344 776 merebaris
1361 756 1370 783 ;
1396 747 1450 776 sed
1472 747 1556 778 bona
1578 757 1671 786 opera
1695 749 1819 779 inventa

1038 795 1106 822 sunt
1120 793 1151 822 in
1166 795 1204 822 te.
1219 803 1234 820 n
1251 794 1274 822 11
1289 795 1428 830 paralip„
1441 802 1502 823 xix.
1532 815 1535 819 .

1071 840 1213 877 Josaphat
1226 848 1279 869 rex
1294 841 1373 870 Juda
1388 841 1536 870 constituit
1547 841 1663 878 J’udices
1670 862 1679 878 ‚
1694 844 1723 871 et
1737 850 1814 879 prae·

1038 887 1116 924 cepit
1139 887 1197 923 eis,
1222 887 1347 916 dicens:
1366 897 1380 914 ι(
1394 887 1440 916 Sic
1461 888 1555 923 agetis
1575 888 1608 917 in
1627 889 1735 918 timore
1761 890 1819 918 Do-

1037 934 1124 969 mini,
1137 943 1152 961 »
1167 936 1222 963 etc.
1241 944 1255 961 «
1264 934 1412 963 Ostendite
1425 934 1565 963 fratribus
1578 935 1700 971 vestris,
1713 938 1820 965 utnon

1037 982 1161 1018 peccent
1181 981 1213 1010 in
1233 982 1341 1017 neum,
1363 989 1401 1010 ne
1422 981 1522 1010 veniat
1542 981 1587 1011 ira
1607 990 1698 1019 super
1721 991 1787 1012 VOS.
1801 993 1817 1010 »

1037 1029 1059 1057 ll
1072 1029 1212 1064 Paralip„
1227 1035 1286 1057 xix.

1071 1077 1139 1104 Joas
1153 1084 1205 1105 rex
1224 1075 1318 1111 Juda,
1339 1078 1367 1104 et
1386 1076 1535 1113 principes
1551 1076 1614 1111 ejus
1625 1098 1634 1113 ,
1655 1077 1821 1107 servierunt

1037 1124 1112 1153 lucis
1139 1125 1168 1153 et
1193 1124 1379 1161 sculptilibus
1388 1133 1398 1160 ,ε
1422 1127 1450 1152 et
1469 1124 1547 1152 faeta
1573 1127 1615 1153 est
1637 1124 1682 1153 ira
1703 1125 1819 1153 Domini

1039 1174 1142 1201 contra
1155 1172 1288 1201 Judaeam
1300 1173 1423 1209 propter
1438 1172 1496 1201 hoc
1510 1173 1677 1209 peceatum.
1694 1173 1715 1201 ll
1732 1174 1819 1200 Para-

1040 1221 1107 1256 lip„
1122 1227 1201 1249 xxiv.

1074 1267 1208 1296 Amasias
1231 1274 1285 1295 rex
1304 1265 1381 1295 ,luda
1398 1287 1408 1302 ,
1433 1265 1536 1294 divino
1564 1265 1654 1293 fretus
1685 1264 1799 1294 auxilio
1811 1286 1821 1301 ‚

1039 1314 1184 1342 ldumoeos
1198 1313 1350 1350 superavit
1362 1312 1392 1340 in
1405 1312 1505 1347 bello;
1525 1313 1553 1341 et
1567 1312 1663 1341 attulit
1677 1312 1750 1341 deos
1771 1320 1823 1341 eo-

1039 1368 1124 1395 rum,
1140 1362 1168 1388 et
1184 1360 1322 1388 adoravit
1341 1367 1406 1395 eos;
1427 1362 1550 1396 propter
1570 1359 1654 1396 quod
1671 1360 1761 1388 iratus
1779 1359 1823 1388 est

1040 1407 1182 1436 Dominus
1196 1409 1299 1435 contra
1314 1414 1393 1434 eum.
1410 1407 1430 1435 ll
1445 1408 1581 1442 Paralip„
1596 1414 1664 1435 xxv.

1075 1454 1212 1482 Ezechias
1226 1461 1279 1482 rex
1302 1453 1379 1481 luda
1403 1453 1562 1489 nonjuxta
1585 1452 1732 1482 beneficia
1753 1461 1820 1490 qum

1041 1503 1195 1538 acceperat
1211 1509 1228 1529 a
1243 1501 1368 1529 Domino
1380 1521 1389 1535 ‚
1413 1500 1563 1535 retribuit,
1583 1500 1655 1536 quia
1674 1500 1822 1528 clevatum

1043 1552 1085 1576 est
1099 1556 1151 1576 cor
1166 1548 1246 1583 ejus;
1262 1548 1290 1575 et
1304 1547 1380 1575 sacta
1393 1549 1436 1575 est
1447 1547 1490 1575 ira
1502 1550 1605 1575 contra
1617 1555 1697 1581 eum,
1713 1549 1741 1575 et
1755 1554 1822 1575 con-

1042 1598 1086 1624 tra
1099 1594 1233 1624 Judoeam
1246 1603 1280 1622 ac
1296 1593 1487 1622 Hierusalem.
1501 1595 1522 1622 ll
1540 1594 1677 1629 Paralip„
1692 1601 1786 1622 xxxii.

1082 1644 1232 1678 «Magnus
1256 1641 1338 1670 furor
1363 1640 1479 1669 Domini
1500 1640 1621 1669 stillavit
1639 1649 1728 1677 super
1748 1648 1821 1675 nos,

1044 1697 1080 1718 eo
1096 1688 1180 1725 quod
1193 1696 1254 1716 non
1269 1687 1471 1715 custodierunt
1493 1691 1590 1723 patres
1612 1687 1706 1715 nostri
1728 1687 1822 1715 verba

1045 1735 1198 1764 Domini.»
1217 1736 1256 1762 lta
1272 1734 1345 1762 dixit
1357 1734 1450 1762 ¹iosias
1464 1741 1515 1761 rex
1529 1733 1620 1767 suda,
1636 1733 1743 1761 auditis
1757 1741 1822 1762 ver-

1044 1782 1091 1810 bis
1106 1789 1172 1817 quae
1186 1781 1351 1817 subscripta
1361 1782 1444 1808 erant
1456 1780 1486 1808 in
1499 1780 1576 1808 libro
1590 1780 1673 1816 legis.
1684 1781 1706 1810 ll
1717 1782 1822 1815 Paral„

1045 1835 1146 1857 miv.

1084 1886 1097 1902 (ι
1110 1875 1310 1904 comederunt
1323 1876 1351 1903 et
1365 1874 1486 1902 saturati
1501 1875 1580 1907 sunt,
1595 1875 1622 1902 et
1636 1873 1822 1910 impinguati,

1047 1923 1076 1951 et
1089 1921 1318 1951 abundaverunt
1331 1920 1444 1949 deliciis
1455 1920 1485 1948 in
1496 1920 1626 1948 bonitate
1638 1923 1687 1948 tua
1696 1927 1821 1955 magna:

1045 1970 1285 2005 provocaverunt
1299 1969 1397 1996 autem
1413 1970 1439 1996 te
1462 1967 1502 1996 ad
1517 1967 1711 1995 iracundiam.
1727 1976 1741 1993 n
1768 1967 1822 1996 Ne-

1047 2017 1127 2049 hem.‚
1144 2023 1184 2044 ix.

1086 2072 1100 2089 «
1115 2062 1219 2091 Omnia
1234 2062 1399 2090 secundum
1419 2061 1518 2096 legem
1541 2060 1589 2089 Dei
1613 2060 1686 2088 fiant
1701 2062 1758 2088 Deo
1783 2060 1824 2089 al-

1048 2109 1159 2137 tissimo
1169 2130 1178 2144 ,
1195 2117 1232 2136 ne
1247 2108 1321 2136 sorte
1336 2110 1460 2143 exurgat
1474 2108 1518 2136 ira
1533 2107 1563 2135 iu
1577 2116 1670 2143 regno
1686 2107 1763 2142 regis
1774 2127 1782 2141 ,
1798 2110 1826 2135 ct

1048 2155 1120 2191 filii,
1133 2158 1161 2184 et
1176 2155 1307 2184 filiorum
1321 2154 1408 2190 regis.
1420 2164 1433 2180 »
1452 2156 1492 2182 lta
1505 2154 1644 2190 princeps
1658 2156 1826 2182 Artaxerses

1049 2202 1184 2238 gentilis,
1204 2203 1236 2230 llt
1255 2202 1348 2236 Esdr„
1365 2202 1372 2218 ¹
1389 2209 1446 2229 vni.
1464 2200 1540 2235 Quid
1559 2209 1630 2237 ergo
1650 2200 1761 2229 debent
1782 2200 1825 2229 fa-

1050 2257 1115 2277 cere
1130 2248 1283 2277 Christiani
1295 2249 1309 2275 ⁰?

1086 2295 1160 2324 Dixit
1175 2295 1316 2323 Dominus
1332 2294 1370 2322 ad
1379 2293 1496 2330 Eliphaz
1510 2294 1729 2322 Themanitem:
1745 2303 1760 2320 α
1770 2294 1825 2321 lra-

1051 2344 1097 2371 tus
1112 2345 1155 2371 est
1176 2342 1258 2369 furor
1279 2349 1364 2369 meus
1388 2341 1418 2369 in
1446 2344 1490 2375 te,
1512 2343 1540 2369 et
1561 2340 1592 2369 in
1615 2340 1693 2368 duos
1714 2339 1826 2367 amicos

1051 2391 1131 2424 tuos,
1148 2388 1291 2424 quoniam
1306 2395 1367 2415 non
1383 2388 1449 2416 estis
1464 2387 1555 2416 locuti
1574 2395 1676 2415 coram
1698 2394 1746 2414 me
1766 2394 1827 2415 rec-

1052 2439 1134 2468 tum,
1148 2445 1162 2461 ι)
1179 2437 1234 2463 etc.
1250 2435 1321 2470 Job.,
1337 2443 1405 2463 an.

1088 2484 1126 2511 De
1147 2482 1298 2518 Babylone
1318 2481 1434 2516 dicitur,
1453 2482 1583 2515 Hieram„
1599 2489 1615 2509 L
1631 2489 1638 2508 ε
1657 2491 1671 2506 <1
1685 2482 1757 2508 Ecce
1772 2487 1827 2509 no-

1052 2530 1173 2559 vissima
1197 2530 1252 2557 erit
1275 2529 1305 2556 in
1331 2529 1489 2564 gentibus,
1506 2530 1533 2556 ct
1548 2527 1679 2562 deserta,
1696 2528 1777 2555 invia
1800 2530 1828 2555 et

1053 2585 1147 2607 arens.
1162 2575 1205 2605 Ab
1218 2576 1262 2604 ira
1274 2575 1389 2604 Domini
1401 2583 1462 2603 non
1474 2574 1667 2609 habitabitur,
1680 2574 1734 2602 sed
1750 2573 1827 2602 redi-

1084 2636 1118 2667 (ιι)
1133 2634 1193 2658 Caet.
1208 2633 1269 2657 edit.
1289 2634 1384 2658 Octavo
1397 2633 1483 2657 inodo.
1498 2645 1528 2650 —
1545 2632 1575 2662 (Ιι)
1594 2634 1654 2656 Item
1669 2633 1784 2663 Propter.

1089 2676 1096 2693 ¹
1108 2675 1183 2700 Liber
1198 2674 1245 2699 isto
1259 2674 1369 2705 rejectus
1382 2675 1420 2698 est
1434 2673 1499 2697 inter
1512 2672 1682 2705 apocryphos
