2004 3037
257 246 316 277 394

254 312 338 340 aliud
350 312 477 341 ostendit
489 312 658 341 manerium
680 313 878 342 extrinsecum
896 316 925 342 et
947 315 1030 342 extra

253 367 295 393 se,
311 358 394 395 quod
411 360 453 387 est
467 360 610 388 aeternum
624 359 731 388 animae
745 359 879 395 exilium,
900 361 933 389 in
956 368 1029 397 quo,

252 405 417 434 secundum
426 406 591 434 Matthoeum
603 407 624 442 ¹,
639 408 682 436 est
694 406 779 434 fletus
793 407 822 435 et
835 406 944 436 stridor
958 407 1030 436 den-

253 453 338 480 tium.
362 452 467 482 Itinera
490 454 590 481 antem
607 453 648 481 ad
662 453 794 490 primum
808 454 985 488 manerium,
1001 456 1030 484 et

254 499 455 535 intrinsecum,
468 500 539 528 dicit
553 500 693 529 Dominus
704 508 766 529 esse
777 501 943 529 seeundum
953 501 1030 530 mul-

254 546 385 583 tiplicem
399 555 550 575 aceessum
563 547 602 575 ad
614 555 654 575 se.
666 547 772 576 Itinera
785 555 857 576 vero
872 548 911 576 ad
926 556 1030 576 secun-

255 592 327 621 dum
338 594 515 627 manerium,
526 595 554 622 et
567 594 774 630 extrinsecum,
786 594 856 624 dicit
865 595 1029 624 secundum

254 640 447 676 multiplicem
467 649 616 669 recessum
635 649 654 670 a
675 649 717 670 se.
738 641 819 669 Unde
839 642 1029 677 Augustinus,

253 687 285 715 in
298 687 376 716 libro
386 688 596 724 soliloquiorum
605 688 715 725 primo,
732 688 822 716 dicit²
837 697 844 717 :
857 699 871 715 <t
885 690 960 717 Deus
975 692 1027 726 est,

254 741 272 762 a
286 742 348 770 quo
371 735 463 763 averti
478 737 519 762 est
540 735 657 770 cadere,
674 735 704 763 in
719 743 810 772 quem
831 736 964 764 converti
987 738 1030 764 est

253 788 372 816 surgere
389 781 435 818 (a),
451 781 481 809 in
496 789 556 818 quo
572 790 691 810 manere
710 784 752 810 est
773 783 939 811 consistere.
956 792 970 810 n
990 784 1028 811 De

252 827 307 855 isto
320 835 391 863 ergo
405 828 562 857 intrinseco
577 830 689 857 secreto
703 831 731 857 et
741 829 871 858 aeternali
882 829 1027 864 manerio,

252 874 349 909 primo
362 874 527 903 videndum
542 877 598 910 est3
613 877 717 911 postea
732 876 769 904 de
783 875 948 911 itineribus,
964 875 1030 912 qui-

253 921 309 949 bus
323 921 473 950 acceditur
485 922 524 950 ad
539 921 624 950 illud.

386 1042 435 1079 DE
460 1042 683 1080 INTRINSECO
708 1043 892 1090 SEGRETO,

290 1129 328 1150 ET
356 1129 544 1150 AETERNAM
573 1129 737 1152 MANERIO
768 1130 800 1151 IN
830 1130 997 1152 CHRISTO.

289 1204 370 1231 Circa
390 1205 520 1240 primum
541 1205 640 1241 igitur,
665 1206 775 1234 scilicet
796 1206 874 1234 eirea
894 1205 1030 1234 intrinse-

253 1259 321 1278 cum
343 1254 506 1283 secretum,
532 1254 560 1280 ct
583 1252 719 1280 aeternale
747 1253 932 1288 manerium,
962 1255 1030 1281 sunt

251 1299 364 1333 septem
378 1306 431 1334 per
445 1299 581 1326 ordinem
596 1299 738 1334 notanda,
759 1308 824 1335 quae
848 1302 915 1328 sunt
929 1307 1028 1328 neces-

251 1345 328 1373 saria
339 1345 378 1372 ad
393 1345 588 1374 dicendorum
601 1346 812 1382 cognitionem.

286 1391 453 1420 Notandum
464 1395 505 1420 est
516 1392 604 1428 igitur
618 1393 726 1429 primo,
743 1393 817 1429 quid
833 1392 909 1420 illud
923 1393 1028 1422 intrin-

250 1446 350 1466 secum
373 1440 517 1467 secretum
540 1439 569 1467 in
591 1439 703 1467 Christo
727 1440 860 1474 dieatur;
883 1441 1027 1475 secundo,

251 1485 376 1521 qualiter
391 1486 419 1513 in
431 1486 482 1514 illo
499 1487 656 1515 intrinseco
668 1489 778 1514 secreto
794 1487 882 1515 varice
895 1487 1027 1516 mansio-

250 1539 302 1559 nes
316 1532 546 1568 ‹listiuguautur3
563 1534 658 1568 tertio,
670 1534 834 1561 seeundum
847 1534 921 1570 quid
936 1534 1027 1563 homo

250 1578 289 1605 ad
321 1578 397 1606 illud
436 1579 626 1607 intrinsecum
659 1583 803 1608 secretum
831 1581 1001 1608 admittatur
1018 1590 1026 1616 3

251 1628 367 1660 quarto,
384 1626 493 1661 quibus
508 1627 635 1662 pedibus
648 1628 767 1663 spiritus
779 1630 877 1656 noster
892 1628 967 1655 illud
986 1627 1028 1654 in-

250 1672 409 1699 trinsecum
435 1675 578 1701 secretum
595 1674 792 1709 ingr-edituum
815 1675 929 1710 quinto,
955 1682 1027 1710 qua-

250 1718 315 1745 liter
329 1719 447 1754 spiritus
466 1722 566 1747 noster
582 1721 611 1748 in
630 1721 680 1748 illo
702 1721 859 1748 intrinseco
885 1720 1026 1756 multipli-

251 1766 320 1794 citer
334 1775 395 1793 esse
408 1767 535 1802 dicatum
550 1772 643 1801 sexto,
658 1769 784 1804 qualiter
795 1769 913 1804 spiritus
928 1770 1027 1796 noster

249 1813 278 1840 in
294 1813 344 1840 illo
361 1813 517 1841 intrinseco
534 1815 698 1842 stabiliatur
721 1817 747 1842 ct
765 1817 952 1850 perpetuetur
969 1816 1001 1850 (b)
1016 1824 1024 1849 ;

249 1861 384 1895 septimo,
401 1869 466 1896 quse
488 1863 516 1888 et
538 1864 611 1896 quot
633 1862 690 1889 sint
710 1862 742 1897 (r)
759 1862 879 1896 itinera,
894 1870 947 1897 per
960 1870 1026 1897 quie

249 1906 288 1933 ad
303 1906 377 1934 illud
393 1907 582 1935 intrinsecum
594 1909 764 1944 pervcnitur
779 1911 806 1936 et
821 1909 952 1936 intratur.

491 2001 730 2035 DISTINCTIO
754 2002 779 2034 Ι.

280 2071 352 2104 Quid
369 2074 542 2100 inlrinscozmz
560 2076 685 2101 secretum
707 2076 735 2101 1⁴12
754 2074 858 2102 Christo
878 2074 994 2102 dicatur.

285 2142 380 2169 Primo
396 2143 561 2170 notandum
576 2145 628 2177 est,
645 2144 718 2179 quid
735 2144 771 2171 sit
792 2144 867 2172 illud
891 2145 1025 2172 intrinse-

250 2196 317 2215 cum
328 2191 482 2223 secretum,
492 2192 518 2217 et
528 2191 663 2217 ‹rteruale
675 2192 840 2218 manerium
855 2192 885 2218 in
899 2191 1022 2219 Christo.

251 2235 287 2262 De
303 2242 363 2270 quo
383 2235 547 2271 sciendum,
565 2238 647 2272 quod
663 2246 731 2265 cum
747 2238 777 2265 in
791 2238 903 2265 christo
919 2239 955 2265 sit
970 2238 1025 2265 du-

248 2280 317 2315 plex
339 2283 454 2315 natura,
469 2283 600 2311 humana
616 2286 643 2311 et
664 2284 781 2319 divina3
799 2284 900 2311 divina
924 2287 1024 2312 autem

249 2328 285 2354 sit
298 2327 379 2355 omni
395 2330 532 2356 creaturze
548 2330 674 2357 maxime
685 2330 852 2364 intrinseca,
867 2333 898 2358 ut
913 2332 952 2358 ait
966 2334 1023 2359 Au-

248 2374 395 2409 gustinus,
412 2376 440 2402 ct
454 2376 536 2410 llugo
554 2377 563 2392 ²³
581 2385 586 2403 :
604 2376 672 2403 ideo
694 2377 883 2404 intrinsecum
904 2377 978 2404 illud
994 2377 1024 2405 in

249 2420 359 2448 ctu-isto
383 2423 425 2448 est
445 2421 546 2450 divina
560 2430 686 2458 persona
710 2423 739 2450 in
760 2424 941 2452 humanitate
962 2425 1024 2459 ejus

248 2467 433 2502 abscondita,
455 2468 494 2495 ita
509 2469 592 2504 quod
607 2469 708 2497 Christi
725 2470 892 2497 humanitas
916 2472 958 2498 est
977 2471 1025 2499 via

282 2528 404 2557 ¹Mnm1„
427 2534 484 2559 viti,
511 2531 555 2559 t2;
581 2535 639 2560 xm,
655 2531 697 2560 42,
719 2533 757 2555 250.
778 2544 807 2548 —
826 2531 836 2546 ²
851 2532 925 2560 Aue„
942 2530 1024 2560 solil„

248 2563 291 2587 lib.
310 2563 333 2593 l,
355 2572 378 2586 c.
399 2570 417 2593 1,
444 2571 469 2587 u.
498 2566 564 2588 3.-
581 2565 591 2581 3
614 2566 690 2597 ling„
711 2574 784 2597 susm·
803 2568 914 2597 Anyelz'e.
945 2567 1025 2596 ufer..

248 2595 293 2622 lli),
312 2599 354 2628 Vl,
371 2602 428 2630 post
439 2599 505 2623 med.
519 2613 545 2618 -
557 2601 565 2615 ⁴
578 2602 652 2631 Augu,
667 2602 696 2625 dc
710 2603 775 2626 turb.
790 2602 870 2631 llum„
890 2609 966 2626 serm.
982 2607 1022 2632 ιν,

248 2633 279 2655 al.
305 2640 381 2664 αλιι,
402 2642 429 2659 n.
446 2637 467 2659 4.
485 2649 513 2653 —
529 2637 538 2654 ²⁵
558 2637 680 2667 1ι)τικι.,.ῑ,
696 2638 760 2662 9.-
775 2638 784 2652 ⁰
798 2639 867 2664 Lura,
890 2643 961 2667 xxw,
983 2638 1022 2660 219.

248 2681 277 2687 -
290 2670 299 2685 ⁷
314 2670 372 2698 [ὅτιἿ
384 2676 428 2700 vlt,
443 2672 466 2701 9,
478 2672 549 2701 juxta
565 2673 642 2701 Lxx3
658 2673 730 2702 l'ulg.
748 2674 776 2696 Si
791 2682 835 2697 mm
851 2673 1022 2699 crmhrlcrtrss,

250 2712 293 2727 mm
304 2707 483 2736 lim-masrhtlrs
507 2721 531 2725 —-
546 2709 553 2721 ⁸
570 2709 644 2739 liugn,
660 2709 701 2733 uili
717 2717 772 2739 sup.
792 2713 938 2740 prox..·1ute
954 2708 1021 2732 medi

663 245 714 278 DE
737 246 896 279 SEPTEM
918 245 1143 279 lTlNERlBUS
1163 245 1454 278 AETERNITATIS.

1085 314 1126 343 ad
1137 314 1331 342 divinitatem.
1341 312 1424 342 Unde
1433 312 1610 349 Augustinus
1619 320 1772 350 exponens
1784 313 1861 344 illud

1083 361 1203 389 Joannis
1219 370 1226 389 :
1242 362 1299 396 qu
1313 368 1373 389 sum
1389 361 1452 396 via,
1467 359 1558 388 dicit*
1572 369 1579 388 :
1604 369 1618 387 α
1630 359 1760 389 Verbum
1777 369 1860 390 assu-

1084 415 1169 436 mens
1191 407 1407 436 humanitatem
1419 429 1428 443 ,
1459 407 1570 436 factum
1591 409 1634 436 est
1655 407 1714 436 via.
1733 407 1862 437 Ambula

1084 463 1138 492 per
1149 455 1313 491 hominem,
1327 456 1352 483 si
1361 455 1405 483 vis
1415 455 1517 483 venire
1531 454 1571 483 ad
1585 454 1800 482 humanitatem
1809 476 1817 490 ‚
1833 457 1862 484 et

1084 502 1241 538 pervenies
1255 502 1294 530 ad
1310 504 1412 537 Deum,
1427 511 1440 527 »
1464 501 1575 529 seilicet
1588 509 1748 538 personam
1761 500 1861 537 Verbi,

1084 548 1116 576 in
1131 557 1191 585 quo
1209 551 1278 577 sunt
1297 548 1464 577 absconditi
1479 556 1582 576 omnes
1604 547 1734 576 thesauri
1748 547 1862 584 sapien-

1084 596 1141 631 tiae,
1157 597 1186 624 et
1203 595 1332 624 scientioe
1347 596 1407 624 Dei.
1427 595 1534 624 Procul
1548 594 1652 630 dubio,
1673 594 1697 622 si
1710 602 1772 623 non
1787 597 1862 624 esset

1085 642 1211 679 aliquod
1233 642 1422 671 intrinsecum
1442 642 1473 670 in
1500 641 1611 671 Christo
1633 642 1796 676 secretum,
1821 641 1862 670 ad

1085 689 1169 726 quod
1194 689 1366 718 intrandum
1388 689 1526 718 invitaret
1552 697 1624 724 nos,
1652 697 1714 717 non
1743 688 1863 717 dixisset

1085 736 1167 772 ipse3
1178 746 1186 764 :
1198 737 1255 771 qu
1268 744 1327 764 sum
1338 738 1438 764 ostium
1451 736 1515 772 (etc.
1528 743 1623 772 usque
1644 736 1781 772 inveniet).
1799 737 1860 771 Ego

1085 790 1152 810 sum
1173 782 1281 810 ostium
1304 782 1414 816 sensui,
1436 790 1491 818 per
1509 782 1664 819 corporale
1684 782 1836 818 objectum
1852 791 1859 811 ε

1089 829 1196 862 Videte,
1212 828 1309 865 inquit
1322 830 1344 864 ὅ,
1368 836 1464 857 manus
1478 836 1550 857 meas
1566 830 1591 856 et
1603 829 1684 864 pedes
1698 837 1779 864 meos,
1795 831 1861 865 quia

1085 883 1131 910 eqo
1151 877 1210 911 ipse
1229 883 1297 903 sum.
1322 877 1384 911 Ego
1404 883 1472 903 sum
1493 875 1601 903 ostium
1625 875 1785 904 intellectui
1807 884 1862 912 per

1084 921 1177 950 fldem
1191 924 1363 950 reseratum.
1385 921 1465 950 Unde
1486 922 1518 950 in
1533 922 1607 951 isaia
1626 921 1732 950 dieitur
1745 922 1756 940 ⁷
1775 931 1783 950 ε
1799 923 1863 951 Nisi

1085 968 1269 1004 credideritis,
1281 977 1333 997 non
1347 970 1518 1004 intelligetis.
1531 971 1590 1005 Ego
1605 977 1672 997 sum
1684 969 1792 998 ostium
1805 977 1861 998 vo-

1085 1016 1189 1044 luntati
1211 1024 1265 1053 per
1285 1016 1458 1045 charitatem
1481 1018 1627 1053 apertum.
1651 1016 1780 1045 Charitas
1799 1023 1862 1045 non

1085 1065 1148 1093 vult
1157 1065 1228 1093 scire
1242 1065 1377 1092 medium
1391 1064 1464 1092 inter
1478 1072 1520 1099 se,
1530 1066 1558 1092 et
1573 1064 1730 1101 dilectum3
1742 1065 1814 1099 imo,
1829 1067 1862 1094 ut

1085 1112 1155 1141 dicit
1169 1113 1288 1148 Hug0⁸:
1307 1122 1321 1139 α
1335 1115 1426 1141 Amor
1437 1112 1499 1140 sive
1514 1112 1639 1140 charitas
1654 1120 1708 1140 suo
1725 1112 1860 1141 acumine

1085 1160 1186 1188 omnia
1208 1161 1354 1196 penetrat,
1378 1159 1474 1188 donec
1495 1159 1535 1187 ad
1557 1159 1698 1187 dilectum
1721 1159 1859 1188 veniat.»

1084 1208 1136 1234 Per
1149 1215 1197 1234 me
1214 1215 1284 1242 ergo
1300 1207 1408 1235 ostium
1421 1207 1448 1234 si
1457 1205 1523 1242 quis
1536 1206 1689 1240 introierit,
1705 1213 1758 1242 per
1769 1205 1862 1235 fidem

1084 1255 1112 1281 et
1126 1253 1308 1289 charitatem,
1325 1253 1364 1281 ad
1379 1261 1478 1281 meam
1492 1253 1681 1282 intrinsecam
1696 1253 1725 1280 et
1738 1252 1863 1281 abscon—

1085 1301 1177 1328 ditam
1193 1301 1386 1335 divinitatem,
1402 1300 1564 1328 salvabitur
1579 1309 1586 1328 :
1603 1300 1674 1336 quia
1693 1299 1753 1328 sive
1768 1299 1862 1335 ingre-

1085 1347 1182 1376 diatur
1207 1347 1246 1375 ad
1268 1355 1366 1376 meam
1391 1347 1572 1376 divinitatem
1590 1346 1861 1383 contemplandam,

1084 1395 1145 1422 sive
1162 1395 1330 1430 egrediatur
1349 1394 1388 1422 ad
1402 1402 1501 1423 meam
1515 1394 1725 1422 humanitatem
1746 1393 1862 1422 imitan-

1084 1441 1165 1475 dam,
1182 1449 1294 1477 pascua
1308 1441 1468 1477 utrobique
1483 1441 1612 1469 inveniet
1631 1442 1745 1468 aeternae
1762 1439 1861 1468 viridi-

1084 1488 1149 1516 tatis
1165 1491 1192 1516 et
1206 1488 1317 1516 salutis.
1333 1490 1366 1516 Et
1379 1488 1416 1516 de
1431 1488 1548 1524 pascuis
1562 1487 1752 1516 humanitatis
1772 1488 1861 1517 intra-

1084 1537 1129 1563 tur
1144 1535 1183 1563 ad
1204 1543 1315 1571 pascua
1332 1535 1500 1563 divinitatis.
1525 1535 1612 1569 Quod
1633 1534 1759 1563 ostendit
1777 1536 1860 1570 Hugo

1083 1582 1160 1611 hene
1183 1583 1212 1610 in
1231 1583 1360 1619 prologo
1382 1590 1436 1610 suo
1460 1590 1540 1617 super
1563 1583 1721 1617 Anoelicam
1745 1583 1859 1610 Hierar-

1082 1630 1182 1664 chium,
1197 1630 1247 1657 ubi
1260 1629 1330 1657 divit
1345 1629 1405 1656 sic*³
1423 1638 1428 1656 :
1447 1638 1461 1655 «
1478 1630 1634 1664 Propterea
1647 1630 1729 1656 lesus
1742 1636 1860 1656 carnem

1082 1679 1262 1712 assumptam
1278 1676 1306 1704 iu
1322 1675 1455 1704 edulium
1470 1675 1557 1703 nobis
1579 1675 1745 1711 proposuit,
1761 1678 1792 1702 ut
1807 1683 1860 1711 per

1082 1723 1183 1750 cibum
1199 1724 1304 1757 carnis,
1328 1722 1462 1750 invitaret
1483 1730 1536 1749 nos
1551 1722 1590 1749 ad
1614 1724 1731 1756 gustum
1754 1721 1860 1748 divini-

1083 1770 1155 1797 tatis.
1173 1780 1185 1795 »
1203 1771 1234 1797 ln
1249 1769 1293 1796 his
1308 1769 1422 1805 pascuis
1437 1776 1545 1804 sponsa
1558 1768 1713 1796 constituta
1728 1768 1801 1795 dixit
1815 1767 1835 1784 ¹⁰
1849 1777 1856 1796 ι

1084 1817 1190 1844 Οοηιεᾰι·
1211 1819 1306 1850 favum
1324 1824 1383 1843 cum
1397 1817 1472 1843 melle
1486 1823 1552 1843 meo.
1573 1816 1679 1850 Fam&
1700 1816 1774 1843 sicut
1788 1815 1858 1843 dicit

1081 1863 1230 1899 Origenes,
1244 1864 1286 1891 est
1308 1871 1376 1891 cera
1396 1862 1544 1897 virginea,
1560 1862 1666 1890 loculis
1680 1862 1727 1890 vel
1744 1862 1858 1890 cellulis

1082 1911 1235 1946 distincta,
1257 1918 1322 1946 quse
1345 1911 1412 1937 sunt
1435 1909 1524 1937 melle
1548 1908 1678 1945 repletae.
1695 1908 1771 1942 Quid
1785 1916 1857 1944 ergo

1081 1957 1164 1985 aliud
1185 1959 1237 1991 est,
1261 1956 1367 1985 Comedi
1389 1956 1482 1988 favum
1505 1963 1591 1983 meum
1612 1964 1671 1983 cum
1694 1956 1769 1983 melle
1790 1963 1857 1991 mee,

1080 2004 1133 2031 nisi
1150 2012 1156 2030 ι
1173 2003 1289 2031 Gustavi
1311 2002 1512 2030 dulcissimam
1536 2001 1719 2030 divinitatem
1741 2002 1771 2030 in
1790 2009 1858 2030 cera

1079 2050 1217 2086 virgineae
1231 2048 1420 2077 humanitatis
1432 2048 1637 2076 absconditam
1647 2057 1715 2076 cum
1726 2048 1791 2085 ipso
1805 2048 1857 2076 ab·

1080 2097 1232 2125 sconditoi
1248 2097 1286 2124 De
1301 2096 1355 2123 isto
1368 2096 1524 2123 intrinseco
1539 2095 1716 2130 Augustinus
1731 2095 1856 2131 loquens

1079 2152 1159 2178 super
1178 2145 1321 2177 Joamzem,
1343 2143 1427 2178 quasi
1449 2141 1627 2170 admirando
1647 2141 1792 2170 exclamat
1813 2141 1857 2169 di-

1080 2198 1148 2218 eens
1158 2192 1178 2208 ¹¹
1188 2191 1237 2218 :«O
1245 2197 1388 2223 magnum
1396 2188 1554 2224 penetrale,
1565 2191 1591 2216 ct
1601 2190 1744 2216 secretum
1753 2187 1853 2216 dulce!

1080 2239 1101 2265 O
1116 2238 1260 2265 secretum
1275 2235 1334 2262 sine
1358 2235 1460 2269 taedio,
1475 2235 1537 2262 sine
1553 2234 1749 2262 amaritudine
1763 2233 1855 2262 mala-

1079 2293 1145 2312 rum
1160 2283 1382 2318 cogitationum,
1398 2281 1459 2309 sine
1483 2281 1709 2317 interpolatione
1724 2280 1855 2308 tentatio-

1080 2339 1152 2359 num
1164 2332 1191 2358 et
1201 2330 1357 2358 dolorum!
1374 2330 1433 2356 1100
1444 2330 1486 2356 est
1496 2328 1651 2363 gaudium,
1663 2327 1700 2355 de
1711 2334 1771 2363 quo
1784 2326 1855 2354 dicit

1079 2378 1211 2405 Salvator
1223 2378 1243 2394 ¹2
1260 2385 1266 2403 ι
1283 2377 1362 2403 Intra
1376 2377 1405 2402 in
1420 2375 1548 2409 Gaudium
1565 2375 1674 2402 Domini
1692 2375 1742 2400 tui.
1758 2383 1772 2399 »
1791 2374 1853 2401 Haec

1079 2424 1274 2459 Augustinus;
1301 2424 1329 2450 et
1353 2422 1394 2450 sic
1421 2423 1501 2457 patet
1525 2421 1714 2449 intrinsecum
1737 2419 1854 2448 Domini

1078 2474 1145 2501 Jesu
1160 2471 1271 2499 Christi.

1080 2569 1109 2575 -—-
1124 2558 1132 2571 ⁹
1147 2556 1219 2586 thil,
1234 2556 1267 2579 lii)
1295 2555 1324 2585 lt,
1341 2555 1364 2577 in
1381 2561 1400 2577 c,
1420 2560 1437 2583 1,
1454 2559 1542 2576 versus
1553 2552 1596 2576 fin.
1609 2564 1640 2569 —
1657 2553 1674 2568 ⁸⁰
1686 2552 1771 2576 Cant..
1787 2557 1811 2580 v,
1830 2553 1850 2574 t.

1079 2606 1109 2610 »-
1129 2594 1143 2608 ¹¹
1165 2594 1220 2621 Aug
1235 2609 1240 2620 ,
1264 2592 1288 2614 in
1307 2591 1387 2619 Jomn,
1403 2590 1474 2613 tract.
1496 2593 1556 2618 xxv,
1573 2594 1598 2611 n.
1616 2588 1652 2611 14.
1672 2599 1701 2604 ——
1719 2587 1735 2602 ¹²
1750 2585 1850 2616 Manli„

1080 2634 1105 2651 x*
1117 2634 1140 2657 v,
1158 2630 1195 2655 Ἃ,
1215 2630 1227 2650 ;·
1239 2631 1251 2649 ³.

1112 2675 1142 2702 (a)
1160 2673 1198 2697 sis.
1217 2670 1444 2701 t'1::tt's:0re.—-(lt)
1461 2669 1522 2693 Caet.
1539 2669 1598 2693 edit.
1615 2669 1739 2694 stabilizur
1755 2671 1777 2692 et
1793 2674 1851 2700 pcr-

1080 2712 1203 2739 ponuntur.
1216 2722 1245 2726 -
1260 2709 1291 2739 (r)
1305 2709 1363 2732 Item
1376 2708 1445 2730 suut.
