2004 3037
249 198 287 228 38
839 191 1010 225 MYSTlCA
1030 191 1264 225 THEOLOGIA.

247 263 359 291 brutali
373 262 447 290 vixit
460 262 492 290 in
511 261 616 295 terris,
639 267 702 289 non
721 261 796 288 esset
815 260 928 296 justum
945 259 1026 295 judi-

249 309 343 345 cium,
354 308 439 345 quod
449 307 510 336 vita
523 306 658 344 angelica
668 306 700 335 in
713 306 882 342 cognitione
894 306 1026 335 veritatis

248 357 374 389 aeternoe,
388 356 416 383 et
430 362 532 382 amore
545 353 736 383 beatitudinis
751 353 936 389 increatae‚in
958 353 1025 389 qui-

249 402 306 431 bus
319 401 450 430 consistit
463 401 578 437 gloria,
601 401 632 429 in
646 400 728 430 coelis
739 399 874 436 jubilans
890 399 1026 437 perfrua-

249 451 305 477 tur.
321 447 480 483 Quomodo
495 456 568 484 ergo
580 448 644 484 jam
657 440 761 476 hilaris
781 447 953 484 apparebit,
972 447 1027 484 qui

249 497 291 524 tot
304 494 454 524 patrissui
467 494 697 530 benignissimos
715 494 793 522 filios
815 494 890 522 vidit
911 494 942 522 in
965 495 1027 522 tam

250 543 430 572 inaestimatis
452 541 609 571 doloribus
638 542 786 570 cruciari?
815 541 885 570 ldeo
909 541 1027 569 dicebat

251 589 370 618 divinus
393 589 553 626 Apostolus
569 588 610 617 ad
631 585 796 617 corinthios
813 589 821 604 ¹
847 597 854 616 ε
881 587 1028 616 Sollicitus

250 644 317 665 sum
330 644 393 665 non
405 644 461 673 pro
478 643 539 664 uno
563 637 694 670 tautum,
709 635 762 663 sed
776 643 832 672 pro
853 635 937 663 omui
958 643 1028 664 con-

251 682 422 719 gregatione
436 682 582 710 fidelium.
595 682 663 716 Quis
679 683 751 710 enim
758 683 927 717 infirmatur,
942 685 969 709 et
982 689 1029 717 eqo

251 738 305 758 non
319 731 462 765 infirmor?
477 730 544 762 Quis
557 729 772 763 scandalizatur,
781 731 807 756 et
822 737 868 764 ego
877 737 931 756 mm
943 731 1030 756 uror?

253 777 327 812 Quia
349 776 520 805 membrum
542 776 645 804 vivum
667 777 696 803 et
720 775 846 810 efficax,
865 776 894 803 et
914 775 1031 803 unitum

252 823 365 852 Christo
380 823 468 860 capiti
486 830 547 851 non
568 822 698 856 videtur,
714 821 798 858 quod
813 821 932 850 dolores
947 829 1031 849 com-

254 871 459 899 membrorum
475 877 615 904 suorum,
640 871 668 897 et
691 877 796 897 eorum
814 868 941 896 vulnera
956 868 1033 897 insa-

254 917 366 946 nabilia
378 925 441 945 non
459 916 616 953 praesentit.
641 917 705 944 Haec
720 923 791 950 ergo
812 914 915 943 divina
929 915 1033 943 indus-

254 964 324 999 tr1a‚
343 972 404 992 non
426 963 581 992 modicum
604 962 752 990 ccelcstem
773 962 811 990 ad
830 970 861 990 sc
884 962 1033 990 inclinans

255 1012 453 1046 clementiam,
467 1013 499 1039 ut
513 1011 657 1048 sapientia
671 1011 769 1039 oriens
783 1018 821 1038 ex
835 1010 894 1038 alto
910 1010 1032 1038 inferius

255 1058 463 1095 profundatur,
478 1058 530 1095 qui
548 1058 587 1086 ad
610 1057 670 1086 hoc
691 1057 757 1085 totis
770 1057 952 1092 visceribus,
973 1059 1034 1085 tam

257 1105 530 1139 obsecrationibus,
549 1112 641 1140 quam
655 1104 712 1140 piis
727 1103 934 1132 affectionibus
949 1111 1033 1132 com-

255 1152 394 1188 passione
408 1151 515 1185 linitis,
530 1154 591 1179 tam
611 1151 712 1178 verbis
726 1150 825 1186 ignitis
840 1151 871 1177 in
889 1151 1034 1187 praedica-

258 1199 337 1226 tione
352 1199 391 1226 ad
404 1198 552 1234 populum
575 1197 606 1224 in
621 1197 760 1225 omnibus
780 1197 922 1225 laborans
945 1199 1035 1225 atten-

259 1246 316 1273 tius
329 1266 336 1280 ,
351 1246 385 1272 ut
399 1239 501 1272 divitia
516 1244 653 1279 majestas
667 1244 697 1271 in
711 1243 895 1271 immissione
916 1244 1034 1280 sapien-

261 1292 305 1319 tioe
321 1293 349 1320 et
363 1291 520 1326 doctrinae,
534 1291 584 1318 vel
598 1290 683 1324 fidei,
698 1291 739 1317 sic
751 1290 980 1318 misericorditer
994 1290 1036 1318 in-

261 1338 395 1373 clinetur,
417 1340 449 1366 ut
465 1337 562 1365 omnis
577 1340 727 1370 creatura,
741 1345 797 1373 pro
819 1345 880 1373 qua
899 1337 1037 1373 princeps

262 1384 362 1420 gloriae
376 1385 407 1412 in
422 1384 505 1412 terris
520 1384 658 1420 dignatus
673 1385 715 1411 est
731 1391 886 1419 apparere,
902 1383 1038 1420 quicum-

262 1440 322 1468 que
337 1432 373 1459 sit
387 1431 425 1459 ab
441 1432 559 1459 Oriente
574 1431 604 1458 in
620 1430 823 1465 Occidentem,
839 1430 878 1458 ab
892 1430 1038 1466 Aquilone

262 1479 292 1506 in
313 1478 567 1514 Septentrionem.
593 1477 795 1512 Christianus,
822 1477 940 1505 Judaeus
957 1498 966 1511 ,
991 1478 1039 1505 vel

262 1526 381 1554 Gentilis
389 1547 398 1561 ,
409 1526 449 1553 sic
461 1525 499 1554 ad
509 1533 612 1553 veram
623 1524 825 1560 cognitionem
835 1523 965 1551 veritatis
974 1531 1039 1560 per-

264 1573 366 1609 tingat,
377 1574 409 1600 ut
419 1572 498 1600 illius
508 1572 585 1600 felici
597 1571 746 1599 consortio
760 1578 821 1598 non
833 1570 976 1606 privetur,
989 1571 1039 1606 qui

263 1627 324 1647 non
338 1627 393 1655 pro
404 1627 465 1647 uno
481 1621 606 1652 tantum,
619 1618 671 1645 sed
683 1625 738 1653 pro
754 1617 894 1644 omnibus
910 1617 1041 1652 seipsum

266 1667 294 1693 in
311 1674 361 1694 ara
376 1666 469 1693 crucis
484 1664 681 1700 impretiabile
696 1664 824 1699 pretium
839 1663 1039 1697 condonavit,

266 1715 294 1740 et
308 1712 385 1740 illius
398 1712 486 1739 beata
501 1711 613 1738 visione
628 1718 689 1737 non
705 1712 816 1744 careat,
835 1710 874 1737 ad
890 1718 980 1745 quem
994 1717 1041 1737 so—

266 1760 329 1787 lum
344 1758 609 1794 contemplandum
629 1759 657 1784 et
680 1757 845 1784 amandum
860 1758 957 1784 creata
980 1758 1040 1791 est,

266 1808 298 1833 ut
321 1807 348 1833 et
372 1813 456 1832 mens
476 1806 591 1840 patrem
612 1803 775 1838 benignum
803 1803 961 1830 Dominum
985 1811 1041 1831 no-

267 1854 359 1880 strum
373 1853 471 1879 Jesum
486 1851 630 1878 Christum
644 1850 745 1877 sectari
762 1849 934 1876 desiderans
945 1870 954 1883 ,
973 1858 1041 1885 sup-

266 1901 363 1936 portet
375 1899 431 1934 piis
447 1897 641 1931 orationibus,
655 1897 770 1924 attentis
783 1898 810 1923 ct
824 1896 963 1930 accensis,
977 1904 1044 1931 pee-

268 1948 331 1974 cata
354 1945 488 1973 omnium
508 1943 672 1971 viventium
688 1963 697 1976 ,
717 1945 747 1970 ut
770 1942 811 1969 illi
834 1943 1042 1978 conformetur,

269 1993 320 2029 qui
336 2000 422 2020 ovem
436 1991 584 2028 perditam
609 1991 638 2018 in
663 1990 739 2018 ovile
761 1990 909 2017 eharitatis
930 1993 1044 2018 aeternoe

268 2040 390 2075 portans
405 2038 434 2065 in
449 2037 577 2074 propriis
591 2036 722 2064 humeris
733 2058 741 2070 ,
762 2036 837 2063 Patri
858 2045 912 2063 suo
931 2039 1044 2064 restau-

269 2087 353 2114 ravit.
378 2088 441 2114 Non
470 2085 549 2113 enim
573 2085 691 2112 divinus
715 2084 862 2120 propheta
886 2085 1045 2112 Hieremias

271 2133 323 2160 fuit
342 2135 483 2168 tanquam
500 2132 668 2159 membrum
683 2133 833 2158 mortuum
844 2152 853 2166 ,
877 2131 929 2158 scd
942 2131 1046 2158 vivum

272 2183 299 2208 et
313 2180 436 2212 efficax,
460 2179 511 2214 qui
535 2178 638 2206 videns
659 2186 745 2204 suum
769 2177 913 2212 populum
938 2186 955 2205 a
978 2185 1047 2213 rege

272 2225 454 2261 nequissimo
472 2227 529 2252 tam
546 2224 682 2251 atrociter
697 2224 834 2251 suffocari
848 2246 853 2256 ,
874 2224 992 2251 dicebat
1008 2223 1018 2238 2
1035 2233 1040 2251 :

274 2273 341 2306 Quis
356 2272 432 2298 dabit
447 2272 535 2305 capiti
550 2278 604 2297 meo
621 2278 735 2304 aquam,
757 2273 780 2296 et
797 2271 881 2296 oculis
897 2272 962 2297 meis
987 2272 1047 2303 fon-

275 2322 327 2346 tem
343 2320 537 2352 lacrymarum,
561 2319 591 2343 ut
605 2317 705 2351 plorem
727 2323 806 2350 super
823 2317 975 2348 interfectos
999 2325 1047 2350 po-

274 2366 334 2400 puli
355 2366 407 2391 mei
431 2364 473 2390 die
494 2372 523 2390 ac
554 2364 647 2390 nocte?
670 2361 947 2389 Nabuchodonosor
969 2363 1047 2389 enim

276 2410 431 2439 diabolum
449 2431 457 2444 ,
481 2409 614 2445 Babylon
636 2408 842 2435 confusionem
868 2410 1023 2436 tartaream
1039 2430 1047 2442 ,

275 2456 434 2485 Hieremias
459 2456 591 2484 animam
616 2456 672 2482 Deo
698 2455 812 2482 unitam
836 2462 887 2490 per
915 2463 1048 2482 amorem

274 2503 475 2539 propriissime
500 2502 604 2536 signat.
632 2501 710 2528 Sicut
735 2501 814 2528 enim
837 2502 948 2536 Moyses
961 2522 971 2535 ‚
997 2502 1048 2537 qui

274 2550 352 2577 solus
366 2549 411 2577 vir
424 2549 492 2583 fuit,
509 2548 577 2576 licet
592 2550 666 2575 esset
686 2547 764 2574 mitis
778 2547 808 2574 in
824 2549 910 2582 gente
925 2555 996 2582 sua,
1021 2549 1047 2575 et

309 2611 314 2626 ¹
329 2612 347 2634 tt
366 2612 434 2642 Cor„
452 2617 489 2641 M,
504 2613 543 2641 ⁴28,
558 2610 642 2642 quoad
657 2616 770 2637 sensum,
786 2611 811 2633 et
825 2611 863 2633 29.
874 2622 904 2626 —
923 2610 932 2623 ²
946 2610 1047 2638 lez-em..

276 2653 311 2679 ix,
330 2650 351 2671 ι.
366 2661 396 2665 -
407 2648 418 2664 ³
429 2648 520 2676 Ernst„
536 2652 619 2676 xxxn,
634 2647 671 2670 10.
683 2659 713 2663 —
729 2645 802 2675 bJob,
818 2651 890 2676 xxxi,
910 2648 945 2669 18.

1081 259 1191 288 caeteris
1203 261 1388 289 mansuetior
1397 261 1575 298 appareret,
1595 264 1703 288 manus
1723 267 1792 288 suus
1813 258 1858 288 le-

1079 315 1154 335 vans
1181 307 1223 335 ad
1247 307 1358 336 coelum
1383 307 1526 336 orationis
1552 306 1656 343 ignitoev
1675 306 1783 343 clypeo
1795 327 1804 340 ,
1829 307 1859 334 et

1080 353 1166 382 hasta
1179 355 1291 382 amoris
1303 354 1485 383 fortitudinis
1497 355 1616 382 extenta
1627 360 1726 390 usque
1745 353 1785 381 nd
1798 361 1857 381 οω-

1080 399 1146 428 lum
1163 401 1257 429 Deum
1275 401 1459 430 exercituum
1480 400 1640 436 attingente
1655 420 1665 434 ‚
1694 399 1860 436 promeruit

1081 449 1114 475 ut
1127 447 1234 476 virtute
1253 447 1346 484 ipsius
1358 448 1447 476 lsrael
1459 448 1592 485 populus
1611 447 1754 476 Amalech
1770 453 1859 483 supe—

1081 496 1178 529 raret3
1202 494 1244 522 sic
1262 494 1352 522 etiam
1371 494 1506 530 ejusdem
1522 494 1629 522 virtute
1647 493 1778 527 amoris,
1797 501 1859 530 quo

1082 542 1142 569 Deo
1153 543 1216 569 erat
1230 541 1340 575 unitus,
1355 541 1496 569 eumdem
1507 540 1655 578 populum
1665 540 1708 568 sic
1721 540 1860 577 protexit,

1083 590 1116 616 ut
1130 588 1271 616 Dominus
1284 588 1310 616 ei
1327 587 1438 616 diceret
1448 588 1459 606 ³
1471 597 1479 615 z
1495 588 1611 615 Dimitte
1623 595 1674 622 me,
1684 590 1716 614 ut
1729 588 1863 623 populum

1084 636 1166 662 istam
1180 635 1282 662 deleam
1293 643 1302 662 t
1313 634 1386 671 quia
1397 634 1438 663 sie
1451 633 1608 662 Dominum
1617 633 1785 662 affectuosae
1798 641 1864 663 ora-

1084 681 1173 710 tionis
1186 681 1306 709 vinculo
1321 681 1481 717 ligaverat,
1496 689 1534 709 ue
1549 681 1665 717 populo
1677 680 1766 709 israel
1773 688 1864 717 poena

1085 728 1236 764 condigna
1259 728 1432 756 crIminibus
1455 727 1620 756 inferretur.
1644 727 1673 756 Si
1701 727 1782 755 enim
1802 727 1864 755 duo

1085 775 1227 812 principis
1248 774 1374 811 alicujus
1391 775 1591 811 negotiatores
1610 774 1788 802 famulantes
1806 773 1865 802 exi-

1086 824 1209 857 sterent,
1230 825 1258 850 et
1277 822 1351 850 alter
1370 829 1476 850 eorum
1498 829 1617 858 semper
1636 821 1715 849 circa
1735 828 1867 849 commo-

1088 868 1162 896 dum
1169 869 1325 905 proprium
1335 867 1537 903 negotiaretur
1552 868 1700 903 attentius,
1711 867 1785 895 alter
1793 874 1866 899 vero

1087 915 1242 943 utilitatem
1253 915 1339 943 totius
1348 915 1470 943 familiae
1482 914 1598 942 domini
1610 914 1656 942 sui
1665 922 1697 942 sc
1711 913 1868 942 effundens

1088 962 1211 990 sollicite
1224 964 1416 998 procuraret,
1432 961 1519 989 citius
1535 969 1553 989 a
1573 960 1688 988 domini
1709 961 1755 988 sui
1777 959 1867 995 largi·

1090 1011 1146 1037 tate
1160 1009 1278 1045 potiora
1298 1008 1445 1037 beneficia
1463 1008 1626 1044 acciperet,
1641 1015 1733 1043 quam
1746 1007 1796 1035 ille
1815 1007 1867 1043 qui

1090 1055 1128 1084 de
1143 1055 1285 1091 singulari
1300 1055 1434 1091 profectu
1455 1055 1513 1091 piis
1533 1055 1611 1082 cirea
1626 1054 1751 1082 afflictos
1765 1061 1868 1082 carens

1090 1103 1264 1135 visceribus,
1279 1102 1379 1130 servili
1394 1102 1536 1130 fidelitate
1550 1101 1633 1129 lucra
1646 1101 1787 1137 specialia
1800 1109 1869 1137 pro-

1091 1149 1214 1178 curavit.
1231 1150 1286 1177 lsta
1306 1149 1367 1176 duo
1390 1150 1534 1184 tanquam
1555 1148 1616 1176 duo
1632 1147 1869 1175 'concomitantia

1088 1196 1223 1231 jucunda
1244 1195 1350 1223 mentis
1370 1195 1564 1223 desiderantis
1579 1194 1760 1222 tendentiam
1783 1194 1870 1230 adju-

1091 1245 1179 1276 vant,
1193 1244 1226 1270 ut
1240 1251 1257 1270 a
1271 1250 1325 1270 suo
1341 1241 1488 1270 desiderio
1512 1244 1540 1269 et
1563 1241 1721 1269 tendentiae
1741 1240 1870 1269 termino

1092 1298 1154 1318 non
1168 1289 1330 1317 fraudetur.
1342 1289 1471 1317 Primum
1483 1296 1554 1324 ergo
1568 1291 1595 1316 et
1604 1288 1788 1324 praecipuum
1798 1295 1871 1324 prae-

1093 1337 1188 1370 cedit,
1202 1339 1234 1364 ut
1249 1336 1361 1364 dictum
1375 1338 1434 1370 est,
1449 1335 1560 1363 seilicet
1575 1335 1654 1363 affici
1669 1334 1746 1362 eirca
1758 1335 1871 1370 passio·

1094 1391 1163 1411 nem
1178 1385 1206 1411 et
1218 1383 1322 1419 plagas
1344 1382 1565 1418 Redemptoris,
1588 1390 1643 1424 per
1658 1389 1725 1418 quae
1743 1381 1782 1409 ad
1805 1388 1872 1417 per-

1093 1431 1199 1459 fectam
1214 1429 1418 1458 inhaerentiam
1433 1429 1644 1457 subintramus
1665 1430 1774 1456 Tamen
1795 1435 1872 1463 saepe

1092 1479 1155 1512 jam
1165 1479 1259 1505 cessat
1268 1477 1398 1504 maxime
1408 1477 1439 1504 in
1450 1474 1777 1512 quibusdam,'quando
1788 1483 1872 1503 mens

1095 1525 1126 1552 in
1140 1525 1205 1560 ipsa
1220 1523 1372 1551 Divinitate
1382 1544 1390 1558 ,
1411 1523 1473 1550 sine
1489 1522 1673 1558 {impediente
1697 1521 1853 1549 obstaculo
1863 1542 1871 1554 ‚

1096 1571 1144 1598 via
1165 1571 1227 1606 jam
1247 1572 1347 1606 aperta
1375 1577 1429 1605 per
1453 1569 1656 1597 exorationem
1677 1567 1873 1603 suspiriorum

1097 1617 1263 1645 ardentium
1280 1618 1376 1652 potest
1399 1615 1508 1643 dilecto
1530 1614 1616 1642 solito
1636 1614 1794 1650 perfectius
1817 1614 1872 1642 ad-

1097 1664 1215 1691 han-ere.
1232 1663 1288 1692 Sed
1299 1663 1352 1690 ista
1366 1670 1432 1698 quai
1447 1664 1489 1690 est
1502 1670 1538 1689 cx
1553 1661 1760 1697 compassione
1772 1661 1873 1697 proxi·

1098 1711 1156 1745 mi,
1172 1712 1321 1746 respectus
1335 1709 1372 1745 (a)
1393 1709 1486 1736 divini
1501 1708 1692 1744 provocatrix
1707 1706 1873 1744 compassio

1098 1765 1256 1793 nunquam
1271 1759 1380 1790 cessat3
1400 1755 1460 1783 imo
1485 1763 1568 1783 mens
1589 1760 1700 1791 quanto
1724 1754 1874 1782 ardentius

1099 1804 1235 1838 afficitur,
1252 1805 1332 1831 tanto
1348 1802 1446 1838 ipsum
1461 1804 1525 1829 orat
1539 1802 1684 1835 attentius,
1701 1803 1733 1827 ut
1745 1801 1807 1836 ipsc
1821 1800 1875 1827 mi-

1100 1859 1233 1878 serorum
1248 1849 1411 1877 visceribus
1432 1847 1594 1875 vulneratis
1616 1847 1768 1875 salubrem
1788 1846 1876 1874 mise-

1100 1897 1234 1924 ricordia}
1249 1898 1276 1923 et
1289 1895 1405 1931 pictatis
1420 1895 1563 1922 adhibeat
1580 1893 1774 1926 medicinam,
1796 1895 1828 1920 ut
1847 1893 1877 1920 in

1101 1945 1304 1971 consummata
1313 1941 1426 1977 justitia
1434 1941 1570 1974 existens,
1582 1940 1660 1967 dicat
1670 1948 1738 1967 cum
1746 1941 1774 1967 Β.
1785 1938 1840 1967 Job
1850 1939 1874 1966 ⁶:

1103 1991 1211 2023 Semper
1225 1991 1307 2016 crevit
1319 1996 1418 2015 mecum
1431 1989 1582 2019 miseratio,
1598 1989 1623 2014 et
1634 1988 1669 2014 ab
1683 1990 1758 2014 utero
1773 1993 1878 2020 egressa

1103 2039 1140 2064 cst
1160 2043 1271 2063 mecum.
1288 2037 1365 2062 Tunc
1381 2035 1460 2062 enim
1474 2041 1591 2069 semper
1609 2036 1704 2061 crescit
1719 2034 1858 2060 miseratio
1868 2053 1876 2066 ,

1102 2082 1224 2118 quando
1240 2089 1301 2108 non
1312 2081 1441 2117 propriis
1455 2080 1660 2108 affectionibus
1675 2079 1819 2115 spirituali
1833 2078 1877 2113 ju-

1104 2129 1255 2156 cunditate
1271 2128 1394 2155 attendit
1409 2127 1545 2155 continue
1555 2147 1564 2160 ,
1579 2126 1632 2153 scd
1647 2125 1809 2153 infelicium
1825 2125 1878 2152 mi-

1104 2176 1184 2204 scriae
1204 2174 1424 2202 condescendit.
1451 2175 1529 2200 Tune
1545 2173 1665 2199 abutere
1680 2180 1780 2199 seeum
1795 2179 1878 2206 egre-

1104 2223 1192 2256 ditur,
1210 2222 1247 2249 ab
1263 2221 1314 2248 illo
1330 2220 1447 2248 instanti
1468 2219 1577 2247 scilicet
1596 2218 1718 2254 quando
1738 2219 1776 2246 ab
1798 2225 1879 2245 ema-

1104 2269 1222 2296 natione
1251 2267 1435 2295 fecunditatis
1461 2266 1568 2293 divinae
1590 2266 1712 2293 vitalem
1745 2273 1878 2293 amorem

1105 2323 1187 2343 mens
1201 2314 1318 2350 recipit,
1343 2321 1403 2349 quo
1423 2312 1558 2348 primitus
1579 2314 1665 2340 natus
1685 2312 1787 2339 divino
1811 2319 1878 2339 eon-

1104 2361 1215 2398 spectui
1230 2363 1257 2388 et
1272 2359 1428 2387 virtutibus
1444 2359 1584 2394 angelicis
1606 2359 1759 2394 apparuit,
1777 2358 1814 2385 ad
1835 2358 1878 2393 ip-

1106 2417 1170 2436 sum
1185 2408 1215 2434 in
1231 2407 1322 2434 vitam
1336 2406 1522 2433 consimilem
1536 2405 1769 2433 transformatus.

1141 2454 1245 2482 Ultima
1265 2452 1410 2480 industria
1429 2454 1484 2486 est,
1502 2460 1568 2487 quae
1591 2452 1621 2479 in
1644 2451 1786 2487 sapientia
1807 2459 1879 2478 ana-

1106 2501 1211 2536 gogica
1226 2499 1407 2534 dignoscitur
1419 2519 1427 2533 ‚
1444 2499 1482 2526 ab
1498 2498 1590 2533 ipsius
1611 2497 1793 2525 amatoribus
1814 2497 1880 2525 totis

1105 2547 1266 2575 visceribus
1294 2545 1517 2581 amplectenda,
1545 2544 1615 2580 quia
1642 2544 1666 2571 si
1692 2551 1780 2571 omne
1808 2552 1879 2571 cou-

1139 2645 1173 2676 (a)
1189 2645 1250 2668 Coet.
1263 2644 1324 2668 edit.
1338 2645 1463 2674 respectu.
