2004 3037
591 224 640 256 DE
660 223 854 256 OPERIBUS
877 224 1119 257 CONDITORIS.
1144 225 1229 258 CAP.
1253 226 1315 258 XL.

150 292 283 328 regimen
298 300 316 321 a
328 292 453 322 ratione.
469 291 526 321 Sed
541 291 613 328 quia
622 291 700 320 ratio
713 291 928 320 diversificatur

150 339 315 368 secundum
330 338 528 368 diversitatem
542 345 656 373 eorum,
672 338 710 366 de
722 338 831 374 quibus
840 338 929 366 ratio-

150 386 259 414 cinatio
277 385 324 421 fit,
340 385 409 413 ideo
429 383 616 420 operationes
638 385 802 420 phantasiae
828 385 927 413 multi-

150 433 297 470 plicantur
322 433 353 460 in
374 431 495 460 homine
515 431 613 460 valde.
639 431 692 460 Ubi
713 433 812 460 autem
831 432 927 468 phan-

150 480 224 508 tasia
238 487 300 508 non
314 481 356 507 est
367 486 435 506 cum
449 478 574 513 ratione,
589 480 621 507 ut
635 480 678 506 est
693 478 724 506 in
738 478 842 513 brutis,
858 479 927 506 tunc

150 526 260 561 regitur
277 525 376 553 solum
390 524 556 552 secundum
575 524 745 552 instinctum
759 526 879 552 naturae.
896 526 928 552 Et

150 573 223 609 quia
235 573 341 600 natura
360 579 421 600 uno
441 571 533 599 modo
558 573 601 600 est
617 571 649 599 in
663 571 844 600 habentibus
863 579 928 608 spe-

150 619 226 647 ciem
238 626 344 653 unam,
358 617 427 646 ideo
444 617 598 654 conceptio
613 618 776 654 phantasiae
788 619 928 654 operatur

150 664 181 692 in
201 664 309 693 talibus
330 672 391 692 uno
411 664 514 692 modo.
536 665 568 693 Et
590 664 660 692 inde
675 664 815 700 estquod
831 665 928 692 omnis

149 710 278 740 hirundo
292 710 362 739 facit
374 719 435 738 uno
449 710 542 738 modo
555 711 660 738 nidum
673 719 770 738 suum.
788 711 928 739 Dixerunt

149 760 248 787 autem
269 757 393 794 quidam
410 757 599 793 philosophi,
623 757 707 793 quod
728 757 789 785 istae
807 757 928 786 virtutes

149 806 180 834 in
198 805 292 833 brutis
312 805 411 841 potius
434 806 577 840 aguntur,
593 813 686 840 quam
705 806 808 840 agant,
828 805 881 832 sed
897 805 927 832 in

148 852 270 881 homine
299 851 397 887 potius
421 853 522 886 agunt,
551 858 643 886 quam
669 853 796 886 agantur
821 861 827 879 :
857 851 928 887 quia

149 898 237 927 bruta
253 899 410 926 moventur
429 897 593 925 secundum
611 897 756 933 impetum
775 899 802 925 et
821 897 928 933 impul-

149 953 216 972 sum
232 943 379 980 appetitus
392 943 550 977 naturalis3
566 945 664 971 motus
683 945 782 972 autem
803 944 926 972 humani

148 990 321 1026 regulantur
334 990 499 1018 secundum
511 990 645 1025 regimen
659 990 791 1018 rationis.

184 1036 352 1065 Notandum
373 1037 472 1064 autem
492 1036 576 1072 quod
589 1036 817 1070 melancholici,
834 1037 862 1064 et
882 1036 926 1064 in-

147 1082 242 1117 firmi,
258 1084 287 1110 et
301 1084 446 1116 amentes,
464 1081 575 1110 multas
597 1082 710 1110 habent
732 1082 903 1118 phantasias
917 1093 925 1118 ;

148 1129 202 1157 sed
221 1129 278 1157 hoc
295 1136 357 1157 non
381 1131 423 1156 est
445 1137 481 1156 ex
501 1129 715 1164 illustratione,
733 1137 799 1165 quae
820 1129 852 1156 fit
874 1137 927 1165 per

148 1175 373 1211 imaginationes
387 1183 487 1203 rerum
499 1175 696 1210 sensibilium,
706 1176 758 1203 sed
770 1184 807 1203 ex
816 1176 928 1211 passio-

149 1222 237 1249 nibus
258 1224 384 1256 naturae,
402 1223 429 1249 et
448 1221 622 1261 confusione
643 1222 798 1257 spirituum
825 1230 927 1250 ascen-

150 1268 284 1296 dentium
307 1268 346 1295 ad
370 1268 547 1303 cerebrum,
568 1269 596 1296 et
619 1271 707 1304 caput
733 1268 925 1296 turbantium.

149 1315 230 1343 Tales
245 1315 325 1342 enim
338 1314 457 1350 spiritus
478 1314 664 1342 diversarum
679 1314 927 1349 imaginationum

149 1361 349 1389 involutiones
363 1361 492 1396 faciunt,
507 1363 648 1396 generant
668 1361 827 1389 horribiles
840 1361 927 1389 visio-

150 1415 202 1435 nes
216 1409 244 1435 et
263 1407 480 1443 conceptiones.
497 1409 637 1435 Praeterea
657 1407 826 1442 sciendum,
843 1408 927 1444 quod

150 1454 238 1482 bruta
260 1454 343 1481 citius
366 1454 512 1489 recipiunt
531 1454 660 1481 influxus
681 1454 769 1490 primi
784 1455 925 1490 motoris,

151 1508 243 1536 quam
266 1500 421 1534 bomineS,
443 1500 518 1528 sicut
536 1502 616 1536 patet
636 1500 666 1527 in
685 1500 812 1528 formica
826 1522 835 1535 ,
859 1509 926 1537 quae

151 1546 273 1582 quando
302 1546 402 1574 cibum
434 1546 570 1581 colligit,
592 1547 668 1574 intra
695 1548 753 1574 tres
778 1547 841 1574 dies
866 1555 927 1575 non

150 1592 244 1628 pluit,
265 1594 292 1619 et
313 1592 410 1627 gallus
428 1594 547 1620 cantum
561 1600 649 1620 suum
663 1601 718 1628 per
737 1595 854 1629 tempus
874 1601 927 1621 va·

150 1639 220 1673 riat;
236 1638 306 1674 quia
320 1638 515 1666 mutationem
530 1647 609 1666 aurae
630 1647 667 1666 ex
686 1639 848 1666 influxione
868 1640 928 1675 pri-

150 1686 191 1714 mi
213 1685 335 1713 motoris
359 1685 556 1721 praesentiunt.
587 1686 677 1720 Hujus
706 1685 776 1713 dicti
798 1686 860 1713 haec
886 1688 927 1714 est

150 1732 245 1766 ratio,
270 1732 414 1767 quoniam
436 1732 572 1759 homines
595 1732 722 1760 multum
745 1735 928 1768 occupantur

151 1778 228 1806 clrca
241 1778 448 1814 conceptiones
463 1786 543 1812 suas,
558 1777 751 1813 conferendo,
765 1780 793 1806 et
806 1787 927 1815 compo-

151 1824 250 1852 nendo
266 1845 275 1859 ,
302 1826 330 1852 et
353 1824 516 1852 dividendo
539 1834 546 1852 :
572 1833 664 1861 quare
693 1827 721 1852 et
747 1825 928 1853 influxiones

150 1871 238 1907 primi
267 1871 391 1898 motoris
419 1879 481 1898 non
508 1871 674 1907 percipiunt
704 1871 744 1899 ita
771 1872 828 1899 cito
855 1871 928 1900 sicut

151 1918 251 1952 bruta,
269 1926 335 1953 quae
349 1926 411 1945 non
427 1918 468 1945 sic
483 1920 665 1954 occupantur
682 1918 712 1945 in
727 1918 786 1946 suis
800 1927 926 1955 concep-

152 1963 298 1998 tionibus,
314 1972 368 1991 nec
390 1964 556 1991 secundum
577 1964 642 1992 illas
664 1967 824 2000 operantur
841 1986 850 1999 ,
874 1965 927 1992 sed

153 2012 266 2037 tantum
281 2010 445 2037 secundum
465 2010 635 2038 instinctum
657 2013 778 2038 naturae.
800 2012 855 2038 lsta
870 2011 926 2045 vis,

152 2056 262 2083 scilicet
280 2055 452 2091 phantasia,
470 2055 634 2091 plurimum
654 2056 779 2091 impedit
798 2057 928 2084 intellec-

152 2104 228 2134 tum,
246 2109 281 2129 eo
298 2101 380 2136 quod
399 2101 487 2128 nimis
507 2103 632 2136 occupat
651 2102 781 2129 animam
804 2111 926 2138 compo-

153 2148 257 2176 sitione
271 2149 299 2175 et
313 2147 456 2175 divisione
477 2147 638 2182 imaginum
652 2168 661 2181 ,
679 2155 740 2174 non
760 2148 857 2175 solum
878 2157 926 2175 ac-

153 2196 304 2229 ceptarum
331 2201 348 2221 a
381 2193 515 2220 sensibus
532 2214 542 2227 ,
569 2193 621 2220 sed
654 2193 743 2220 etiam
773 2194 926 2229 fictarum3

153 2240 282 2268 maxime
304 2242 402 2267 autem
426 2239 551 2275 impedit
577 2239 776 2273 intellectum,
806 2241 928 2276 quando

155 2286 269 2322 aliquid
283 2286 319 2314 de
335 2285 501 2313 coelestibus
516 2288 543 2313 et
564 2286 671 2313 divinis
687 2287 864 2322 imprimitur
879 2287 905 2314 ei
921 2296 926 2314 :

155 2336 182 2362 et
196 2334 253 2361 hoc
267 2333 351 2367 ideo,
363 2333 433 2368 quia
447 2332 655 2368 conceptiones
667 2333 738 2360 tales
754 2333 927 2368 intellectum,

156 2382 188 2407 ut
201 2379 379 2414 frequenter,
393 2386 454 2406 non
465 2380 532 2406 sunt
542 2379 652 2406 similes
667 2379 928 2414 imaginationibus

158 2428 184 2453 et
198 2425 368 2453 fictionibus
378 2425 548 2460 phantasiae.
564 2426 716 2454 Phantasia
727 2434 797 2454 vero
810 2426 929 2462 ponitur

158 2472 189 2499 in
203 2471 302 2499 medio
318 2471 423 2498 mediae
438 2471 551 2498 cellulae
567 2472 689 2506 cerebri,
706 2475 849 2508 tauquam
863 2481 929 2500 cen-

158 2519 249 2552 trum,
271 2518 346 2545 inter
367 2518 610 2552 memorativam,
627 2521 655 2546 et
679 2519 902 2555 imaginativam
922 2529 927 2547 :

159 2563 229 2598 quia
242 2564 397 2598 phantasia
416 2564 558 2592 convertit
572 2573 602 2592 se
617 2567 676 2593 tam
693 2574 782 2601 super
800 2566 909 2594 formas
921 2587 929 2600 ‚

158 2616 232 2644 quas
260 2611 363 2646 accipit
388 2610 579 2645 imaginativa
601 2620 655 2647 per
675 2620 794 2640 sensum
808 2634 816 2647 ,
838 2620 929 2648 quam

157 2663 245 2690 super
259 2656 433 2684 intentiones
444 2677 451 2690 ‚
475 2665 548 2692 quas
567 2660 697 2685 reservat
718 2659 863 2687 memoria
879 2668 886 2686 :
903 2662 931 2686 et

1701 231 1714 258 1
1719 230 1757 259 07

983 293 1055 320 tunc
1069 292 1138 321 istas
1151 293 1262 322 formas
1276 301 1312 322 ac
1323 293 1500 323 intentiones
1513 293 1620 323 dividit
1632 302 1668 324 ac
1681 301 1760 323 com-

983 339 1078 375 ponit.

1227 392 1404 426 CAPUT
1437 392 1516 425 XL.

1271 461 1309 488 De
1329 460 1474 488 Memoria.

1019 526 1159 554 Memoria
1178 528 1219 555 est
1239 526 1447 562 repositorium
1466 526 1691 562 praeteritorum.
1707 528 1761 555 Re-

984 574 1080 601 servat
1104 573 1183 600 enim
1204 573 1351 600 memoria
1371 572 1548 601 intentiones
1565 580 1619 609 per
1636 573 1760 602 oestima-

983 619 1095 647 tionem
1121 627 1139 647 a
1164 619 1268 655 figuris
1296 627 1396 647 rerum
1425 619 1546 647 elicitas,
1576 619 1682 648 Anima
1708 628 1761 656 per

984 665 1180 700 memoriam,
1204 665 1405 693 mediantibus
1431 666 1522 693 rebus
1554 665 1760 702 sensibilibus,

983 711 1060 739 redit
1080 712 1111 739 in
1134 712 1213 748 ipsas
1234 720 1281 740 res
1305 711 1459 740 sensibiles
1472 733 1481 747 ,
1504 720 1570 748 quae
1592 715 1659 740 sunt
1679 714 1762 742 extra

983 757 1080 794 ipsam
1096 767 1102 785 :
1119 760 1147 786 et
1159 760 1280 794 propter
1294 759 1352 786 hoc
1370 760 1485 794 oportet
1499 761 1596 787 actum
1611 760 1762 787 memoriae

984 804 1059 832 duas
1083 804 1251 840 praecedere
1274 805 1476 840 operationes,
1493 813 1621 841 quarum
1639 813 1699 833 una
1720 808 1762 834 est

983 851 1041 879 hoc
1056 859 1118 879 esse
1132 853 1299 887 receptum,
1315 853 1343 879 et
1356 852 1419 880 haec
1440 854 1483 880 est
1504 852 1637 888 operatio
1659 860 1762 881 sensus

985 897 1166 932 communis,
1180 899 1207 925 et
1221 899 1252 925 in
1265 898 1322 926 hoc
1336 899 1483 926 memoria
1493 899 1613 934 incipit3
1630 899 1761 927 secunda

984 945 1039 978 est,
1056 944 1113 971 hoc
1129 952 1190 971 esse
1206 947 1412 972 conservatum
1434 945 1515 981 apud
1537 953 1608 980 nos,
1624 945 1708 981 quod
1728 946 1762 973 fit

983 998 1037 1026 per
1062 990 1295 1025 imaginativam.
1322 992 1441 1027 Oportet
1471 991 1559 1019 etiam
1587 991 1670 1028 quod
1694 994 1761 1020 ante

983 1036 1160 1064 memoriam
1184 1037 1323 1073 quaedam
1345 1037 1438 1065 virtus
1461 1041 1617 1074 operetur,
1640 1047 1706 1074 quae
1725 1046 1761 1066 ex

983 1083 1086 1118 figuris
1100 1091 1199 1111 rerum
1215 1083 1331 1111 dividat
1352 1092 1454 1112 rerum
1472 1084 1649 1112 intentiones
1663 1085 1761 1120 singu-

982 1129 1069 1157 lares.
1085 1132 1116 1158 In
1128 1130 1185 1157 hoc
1200 1132 1300 1159 autem
1316 1130 1456 1158 differunt
1470 1131 1642 1166 imaginatio
1657 1133 1684 1158 et
1698 1139 1759 1159 me-

983 1175 1079 1203 morIa
1094 1197 1103 1210 ,
1133 1176 1204 1212 quia
1230 1177 1286 1204 ista
1311 1180 1466 1205 conservat
1494 1178 1607 1214 species
1638 1185 1759 1213 rerum,

983 1221 1045 1249 haec
1074 1225 1229 1250 conservat
1258 1223 1436 1251 intentiones
1461 1224 1637 1259 specierum.
1662 1224 1761 1252 Scien-

984 1268 1056 1296 dum
1071 1277 1192 1305 quoque
1209 1269 1291 1305 quod
1310 1270 1456 1298 memoria
1476 1270 1574 1298 differt
1595 1279 1612 1298 a
1626 1271 1761 1298 reminis-

984 1315 1079 1342 centia
1106 1324 1112 1342 :
1143 1315 1214 1351 quia
1242 1316 1387 1343 memoria
1419 1316 1542 1344 discrete
1571 1319 1598 1345 et
1627 1317 1760 1345 distincte

983 1362 1137 1390 revertitur
1169 1362 1207 1389 ad
1242 1371 1302 1397 ree,
1333 1363 1544 1398 componendo
1583 1363 1759 1391 intentiones

985 1407 1135 1436 distinctas
1158 1416 1226 1436 cum
1250 1409 1447 1444 imaginibus3
1470 1410 1686 1438 reminiscentia
1709 1418 1760 1438 au-

984 1456 1059 1488 tem,
1076 1455 1137 1482 sive
1149 1455 1331 1489 recordatio,
1347 1458 1389 1483 est
1403 1458 1501 1484 motus
1516 1457 1602 1492 quasi
1619 1457 1760 1493 intercep-

984 1503 1046 1533 tus,
1071 1503 1098 1528 et
1120 1501 1266 1529 abscissus
1285 1510 1339 1538 per
1358 1502 1541 1530 oblivionem
1553 1524 1562 1536 ,
1587 1505 1614 1531 et
1630 1506 1672 1531 est
1693 1512 1761 1531 cum

986 1547 1143 1574 collatione
1172 1548 1313 1584 temporis
1329 1570 1337 1582 ,
1363 1551 1391 1576 et
1415 1549 1493 1582 loci,
1523 1551 1550 1576 et
1576 1549 1759 1584 hujusmodi.

985 1593 1215 1622 Reminiscentiae
1231 1594 1310 1622 enim
1324 1597 1422 1622 motus
1437 1603 1498 1622 non
1522 1597 1563 1622 est
1586 1595 1760 1630 uniformis;

985 1639 1037 1667 sed
1052 1642 1188 1667 causatur
1203 1648 1239 1667 ex
1254 1641 1391 1676 pluribus
1405 1641 1558 1677 principiis
1573 1641 1762 1669 circumstan-

985 1686 1062 1713 tibus
1075 1686 1164 1719 illud,
1186 1687 1270 1722 cujus
1288 1687 1409 1723 proprie
1429 1689 1472 1715 est
1494 1687 1741 1715 reminiscibilitas
1753 1708 1761 1722 ,

985 1740 1054 1759 cum
1074 1733 1110 1760 sit
1129 1733 1308 1769 principium
1327 1734 1491 1762 multorum
1514 1734 1595 1770 prius
1614 1742 1762 1762 memora-

985 1781 1092 1807 torum.
1113 1781 1187 1807 Cum
1208 1780 1288 1807 enim
1312 1788 1365 1816 per
1388 1780 1564 1808 memoriam
1589 1781 1640 1808 fiat
1663 1789 1762 1808 rerum

985 1826 1198 1861 apprehensio,
1215 1827 1300 1862 quod
1321 1827 1432 1854 eaedem
1447 1835 1493 1855 res
1509 1827 1591 1863 prius
1611 1828 1719 1855 fuerint
1732 1827 1763 1855 in

985 1880 1015 1899 se
1027 1872 1075 1899 vel
1091 1873 1121 1899 in
1144 1873 1280 1900 sensibus
1303 1873 1367 1900 aliis
1388 1873 1526 1908 cognitae,
1542 1876 1622 1909 patet
1643 1874 1726 1910 quod
1739 1874 1761 1901 si

985 1919 1052 1954 quis
1077 1927 1122 1946 res
1146 1919 1273 1947 totaliter
1292 1921 1335 1947 est
1358 1920 1467 1947 oblitus
1482 1941 1490 1953 ‚
1512 1928 1573 1947 non
1593 1922 1688 1956 potest
1709 1928 1763 1956 per

985 1966 1162 1993 memoriam
1187 1966 1338 1993 recordari
1366 1974 1397 1993 se
1424 1974 1486 1993 esse
1511 1966 1647 1994 oblitum.
1664 1966 1720 1994 Sed
1738 1966 1762 1993 si

986 2012 1096 2039 oblitus
1111 2014 1153 2039 est
1168 2012 1199 2039 in
1213 2014 1313 2048 parte,
1330 2014 1398 2040 tunc
1414 2020 1467 2047 per
1489 2013 1521 2039 id
1542 2013 1625 2048 quod
1644 2020 1762 2040 reman-

985 2058 1040 2091 sit,
1064 2060 1160 2093 potest
1184 2059 1332 2086 reminisci
1359 2067 1388 2085 se
1414 2059 1596 2093 quandoque
1624 2059 1760 2086 scivisse:

987 2104 1066 2131 unde
1098 2113 1151 2139 per
1185 2105 1376 2132 collationem
1410 2104 1633 2132 reminiscentiae
1667 2107 1762 2140 potest

985 2150 1073 2176 etiam
1092 2150 1131 2177 ad
1152 2150 1199 2184 id,
1219 2151 1303 2185 quod
1323 2150 1433 2177 oblitus
1454 2150 1564 2184 iuerat,
1578 2151 1673 2178 redire
1694 2159 1762 2178 cum

986 2195 1064 2223 illius
1080 2196 1244 2231 adjutorio,
1261 2197 1341 2232 quod
1362 2198 1503 2225 remansit
1523 2198 1683 2225 memoriae.
1701 2198 1763 2225 Alia

986 2242 1073 2270 etiam
1090 2245 1132 2270 est
1152 2243 1318 2271 differentia
1342 2244 1417 2271 inter
1439 2244 1617 2272 memoriam
1632 2247 1659 2271 et
1677 2245 1763 2271 remi-

987 2289 1160 2316 niscentiam
1177 2299 1183 2316 :
1201 2289 1272 2325 quia
1287 2291 1461 2317 memoriam
1477 2291 1572 2318 multa
1586 2291 1763 2326 participant

986 2335 1142 2370 animalia:
1157 2336 1209 2362 sed
1225 2336 1441 2364 reminiscentia
1453 2337 1544 2364 solius
1557 2337 1686 2364 hominis
1701 2339 1760 2371 est,

986 2382 1056 2417 quia
1084 2382 1303 2410 reminiscentia
1328 2386 1369 2410 est
1396 2383 1535 2418 quaedam
1557 2383 1761 2418 investigatio,

986 2435 1052 2463 quae
1067 2428 1129 2455 sine
1145 2429 1249 2456 ordine
1269 2429 1390 2456 rationis
1410 2437 1471 2457 non
1487 2433 1542 2463 est,
1559 2438 1592 2456 ac
1610 2430 1671 2456 sine
1688 2429 1760 2461 deli-

985 2473 1154 2509 beratione,
1177 2483 1230 2510 per
1256 2484 1322 2510 quae
1348 2476 1523 2503 antecedens
1547 2476 1700 2502 ordinatur
1722 2475 1760 2502 ad

986 2528 1181 2556 consequens,
1198 2523 1271 2549 Sane
1286 2530 1354 2549 cum
1377 2522 1443 2557 quis
1464 2521 1610 2549 reminisci
1634 2521 1762 2548 voluerit

986 2575 1022 2594 ea
1041 2575 1106 2602 quae
1126 2575 1187 2594 non
1214 2576 1249 2595 eo
1270 2568 1362 2595 modo
1384 2576 1444 2603 quo
1469 2576 1522 2603 per
1546 2575 1683 2601 sensum,
1707 2567 1760 2594 sed

986 2621 1039 2648 per
1062 2613 1241 2641 intellectum
1256 2614 1467 2650 apprehendit,
1482 2615 1539 2641 hoc
1566 2622 1627 2641 non
1652 2613 1685 2640 fit
1707 2621 1760 2648 per

987 2660 1176 2694 memoriam,
1192 2660 1262 2696 quia
1276 2660 1421 2688 memoria
1440 2660 1510 2687 talia
1530 2668 1591 2688 non
1612 2661 1757 2693 reservat;

1777 1422 1794 1441 n
1800 1421 1875 1440 >Anami-

1782 1452 1871 1472 scentia.
