2004 3037
207 268 246 299 34
794 264 967 299 MYSTICA
986 267 1225 300 THEOLOGIA.

203 334 275 363 ferri
293 334 430 370 spiritum
450 332 594 369 expeditis
611 332 744 361 motibus
764 333 796 361 in
818 333 978 370 objectum.

204 381 265 410 Sibi
282 389 352 416 ergo
371 379 536 408 necessaria
549 381 593 407 est
609 379 755 408 industria
765 401 774 415 ‚
797 381 870 417 quia
890 389 980 410 nemo

203 429 324 464 repente
336 427 369 454 fit
381 434 527 461 summm,
540 428 573 454 ut
583 425 646 454 sive
656 426 767 454 habeat
778 426 980 463 devotionem,

203 474 264 502 sive
279 481 350 509 non,
366 473 428 501 sive
442 472 546 501 sentiat
557 481 588 501 se
603 473 743 509 calidum,
759 474 807 502 vel
820 474 978 510 frigidum;

202 521 322 554 tamen,
343 521 376 548 ut
393 521 498 556 postea
517 519 662 555 prolixius
681 520 803 556 dicetur,
824 520 921 557 pulset
940 520 981 548 ad

203 567 311 595 ostium
326 567 434 595 divinae
447 566 586 595 bonitatis
596 587 606 601 ,
623 566 878 595 affluentissimam
892 567 981 595 mise-

201 613 363 642 ricordiam
384 614 571 642 obsecrando
582 623 590 649 3
612 615 645 642 ut
663 613 750 642 illum
768 614 907 642 dilectum
926 622 980 651 per

202 668 337 688 amorem
351 662 524 688 aestuantem
540 660 664 696 sentiat,
688 661 741 697 qui
758 661 858 697 ipsum
871 661 980 689 creavit

201 707 241 734 ad
250 715 335 735 suam
345 707 517 742 imaginem,
529 707 569 734 ad
577 707 633 734 sibi
646 707 703 734 soli
713 707 824 735 amoris
834 707 980 744 obsequia

201 753 413 789 impendenda.
427 755 491 782 Non
503 761 574 788 ergo
591 761 608 781 a
622 761 677 781 suo
691 753 814 790 proprio
824 754 979 790 proposito

201 800 339 835 desistat,
356 800 408 828 sed
422 802 536 828 tantum
550 800 645 836 pulset
659 800 824 828 secundum
838 809 898 828 suae
913 808 979 837 par-

200 847 297 875 vitatis
315 847 491 881 modulum‚
511 847 626 882 donec,
648 855 702 883 per
717 847 848 883 quietam
869 847 979 876 amoris

200 902 316 928 vocem,
332 894 472 922 dilectum
486 893 607 921 suavius
622 893 724 921 audiat
736 893 956 922 consolantem¹
970 903 977 921 :

201 942 264 968 Ecce
275 949 322 975 eqo
336 943 393 976 ipse
407 949 480 975 sum,
496 943 527 968 ut
541 940 667 968 liabetur
687 941 719 968 in
737 942 859 969 Joanne.
877 942 908 969 Et
921 941 979 969 1100

200 989 243 1014 est
253 1008 262 1022 ,
277 987 361 1023 quod
376 987 446 1016 dicit
460 987 564 1015 beatus
577 987 735 1024 Dionysius
749 988 780 1016 in
795 988 873 1016 libro
887 989 925 1015 De
936 988 980 1015 di-

199 1036 272 1061 vinis
284 1035 446 1062 montinicus.

235 1081 370 1109 Secunda
389 1080 536 1108 industria
555 1082 598 1109 est
609 1102 618 1116 ‚
640 1083 673 1109 ut
692 1089 761 1109 cum
780 1081 811 1109 in
831 1082 978 1118 principio

199 1127 328 1155 multum
342 1127 514 1162 elongatum
528 1127 567 1155 ab
583 1127 689 1155 ardore
704 1128 808 1155 unitivi
824 1128 933 1156 amoris
947 1136 979 1156 sc

199 1174 323 1207 sentiat,
338 1182 390 1209 per
405 1182 495 1209 quem
511 1173 600 1202 debet
615 1174 722 1202 dilecto
738 1175 879 1210 conjungi
892 1176 979 1211 (quia

199 1220 256 1248 hoe
268 1222 309 1247 est
319 1228 409 1256 supra
419 1221 553 1252 mortalis
562 1213 692 1248 hominis
702 1221 880 1256 facultatem,
895 1222 979 1258 quod

198 1267 307 1294 misera
329 1269 357 1294 et
376 1266 487 1294 distans
508 1267 578 1295 tanti
597 1268 708 1295 amoris
722 1269 864 1296 unionem
885 1276 977 1304 appe-

199 1313 278 1350 tat),
298 1322 415 1341 neeesse
435 1316 477 1341 est
497 1315 528 1341 ut
548 1314 632 1349 illos,
658 1315 709 1351 qui
734 1315 765 1342 in
785 1315 977 1351 epithalamio

200 1369 269 1388 cum
291 1361 355 1396 ipso
380 1361 513 1388 laetautur
533 1361 564 1388 in
587 1361 702 1396 gloria,
727 1362 793 1389 totis
816 1363 979 1391 visceribus

200 1407 315 1435 orando
330 1407 469 1442 inclinet,
491 1410 522 1436 ut
541 1408 626 1435 illum
638 1409 672 1444 (a)
685 1429 694 1442 ,
714 1409 766 1445 qni
779 1409 842 1444 jam
857 1417 917 1437 non
933 1410 978 1445 ip—

199 1462 265 1481 sum
280 1456 393 1487 amant,
410 1454 462 1481 sed
477 1455 580 1482 ardent
593 1455 624 1482 in
639 1455 703 1491 ipso
720 1456 855 1490 totaliter,
871 1464 923 1491 per
936 1456 978 1491 ip-

200 1508 301 1528 sorum
323 1501 570 1537 supplicationem
591 1502 749 1530 scintillam
769 1502 884 1530 ardoris
905 1503 979 1530 exis-

200 1549 262 1574 tens
284 1548 314 1574 in
335 1547 453 1576 miseria
474 1549 605 1584 recipere
626 1552 785 1583 mereatur,
807 1557 867 1576 nou
889 1549 977 1577 ardo-

199 1603 261 1621 rem
285 1594 418 1630 ipsorum
440 1595 628 1629 desiderans,
650 1596 703 1623 sed
727 1596 763 1623 de
785 1596 888 1630 micis,
913 1605 978 1632 (11110

199 1643 309 1670 cadunt
321 1643 358 1669 de
374 1651 476 1670 mensa
497 1643 630 1676 Domini,
651 1644 690 1670 ad
709 1643 800 1671 instar
824 1643 911 1670 catuli
926 1644 977 1670 de-

199 1689 308 1716 siderat
330 1689 447 1723 satiari,
471 1690 600 1717 maxime
621 1698 688 1717 cnm
705 1690 758 1717 ista
780 1690 840 1717 11110
863 1689 979 1717 dederit

199 1735 364 1763 secundum
386 1735 544 1763 Psalmistae
564 1736 721 1763 consilinm
747 1736 908 1763 dicentis²z
932 1737 978 1763 Lc-

199 1784 262 1808 ‘vum'
277 1783 363 1808 oculos
376 1791 444 1809 meos
460 1784 488 1809 in
503 1786 603 1809 montes
616 1804 624 1817 ,
640 1785 693 1810 etc.
708 1792 716 1817 3
740 1783 836 1810 statim
855 1782 955 1809 subdit
970 1792 975 1810 :

205 1829 277 1856 sude
292 1831 382 1856 veniat
401 1831 535 1856 aemilium
557 1830 645 1864 mt'hi5
667 1838 735 1857 011111
750 1830 804 1857 Joh
821 1831 978 1858 consilium

201 1876 346 1903 oblivioni
362 1884 423 1904 non
442 1876 556 1903 dederit
575 1877 698 1904 dicentis
709 1879 718 1892 ³³
733 1886 739 1904 :
762 1878 795 1903 132
810 1878 846 1903 cd
861 1879 977 1912 alz'qzzem

200 1927 353 1950 sanctorum
368 1927 537 1950 convertere:
554 1923 625 1959 quia
640 1924 722 1958 lieet,
741 1926 882 1959 tanquam
898 1932 978 1958 rega-

201 1970 242 1996 les
258 1971 407 1996 consortes
418 1990 426 2003 ,
448 1977 550 1996 omnes
565 1972 677 1997 mentes
692 1970 830 2004 angelicae
846 1973 872 1997 ct
887 1971 979 1997 sancti

202 2016 423 2043 excellentiores
442 2016 499 2043 sint
513 2016 671 2043 attentione
687 2016 836 2051 przecipua
852 2025 978 2044 exoran-

203 2062 252 2097 di,
271 2065 369 2090 tamen
390 2070 482 2089 unum
506 2063 665 2098 specialem
684 2063 792 2090 habeat
813 2063 859 2090 cui
880 2063 979 2098 praeci-

203 2118 295 2144 puum
307 2109 459 2144 impendat
469 2109 656 2144 obsequium,
668 2111 700 2136 ut
712 2117 780 2136 eum
791 2117 906 2144 semper
919 2117 979 2136 non

203 2156 294 2190 possit
313 2156 352 2183 ad
374 2156 476 2183 divina
497 2156 667 2189 intendere,
689 2156 738 2183 ille
761 2164 830 2183 suos
850 2155 980 2183 defectus

203 2202 338 2237 impleat,
354 2202 404 2237 11111
420 2203 449 2229 111
466 2202 573 2229 cwlesti
591 2202 685 2237 gloria
700 2202 791 2238 ipsius
806 2211 923 2238 semper
936 2211 980 2230 as-

203 2252 243 2276 tat
263 2249 430 2284 aspectibus
443 2270 449 2282 ,
471 2250 521 2284 qni
544 2249 623 2276 videt
643 2258 710 2276 euin
731 2249 860 2275 revelata
884 2249 957 2275 facie
970 2270 978 2283 ,

203 2303 294 2331 quam
310 2295 370 2330 ipse
391 2295 492 2322 laudat
512 2296 668 2322 incessanti
686 2295 782 2330 jubilo
797 2316 804 2328 ,
824 2295 911 2329 hujus
927 2304 980 2330 pei·

203 2342 344 2376 suffragia
368 2350 501 2369 amorem
526 2341 669 2377 consequi
693 2341 885 2375 desiderans,
908 2342 978 2377 11111,

204 2391 348 2424 quantum
363 2389 451 2416 etiam
467 2389 503 2415 de
519 2398 568 2423 se,
586 2389 636 2415 vix
657 2390 698 2415 est
717 2388 824 2422 dignus
839 2388 876 2415 ad
893 2388 978 2423 plan-

205 2438 263 2463 tam
279 2436 363 2471 pedis
388 2435 485 2462 dilecti
508 2435 553 2462 sui
572 2436 692 2462 allectus
711 2435 830 2461 oculum
853 2434 977 2461 elevare.

205 2482 260 2509 Sed
276 2482 346 2516 quia
360 2481 401 2508 ibi
417 2482 528 2508 dietum
544 2484 599 2515 est,
614 2481 696 2516 quod
712 2484 823 2508 mentes
839 2480 979 2515 angelicae

205 2530 231 2554 et
246 2528 337 2555 sancti
360 2528 438 2555 beati
457 2528 487 2555 111
508 2527 602 2562 gloria
624 2530 691 2554 sunt
709 2528 856 2563 principue
872 2527 978 2562 deprc-

205 2574 302 2607 candi,
319 2583 385 2601 cum
400 2574 450 2602 illa
463 2574 533 2601 felix
549 2574 650 2601 civitas
662 2583 698 2601 ex
712 2573 886 2601 hominibus
898 2582 980 2601 cons-

206 2622 244 2647 tet
257 2622 284 2646 ct
300 2621 430 2655 angelis,
454 2621 532 2656 ipsos
554 2621 677 2656 angelos
698 2621 825 2649 revereri
845 2629 905 2648 non
928 2629 979 2647 nc-

236 2724 268 2751 (ιιι
286 2722 341 2751 Ley.
358 2722 466 2745 illorum.

1038 335 1131 371 gligat
1141 356 1150 370 ,
1166 334 1219 363 sed
1233 342 1340 363 vocem
1354 333 1456 362 audiat
1469 332 1628 370 Raphaelis
1636 353 1648 368 ‚
1665 332 1815 370 loquentis

1037 381 1089 417 pio
1103 381 1201 409 Tobiae
1222 380 1321 409 adhuc
1335 379 1474 415 caliganti
1483 400 1493 415 ‚
1516 378 1659 407 dicentis⁴
1671 388 1680 407 :
1702 380 1760 415 Εςο
1773 381 1816 409 ob-

1037 429 1092 455 tuli
1104 429 1254 456 orationem
1275 429 1350 455 tuam
1369 428 1502 460 Domin03
1523 426 1582 454 1100
1597 425 1654 454 sibi
1668 425 1771 454 dicens
1783 426 1816 456 in

1036 483 1166 511 persona
1189 475 1298 504 animae
1323 475 1485 503 ascendere
1505 474 1659 510 cupientis.
1690 474 1724 502 lii
1749 477 1817 503 sunt

1038 522 1118 550 enim
1131 521 1345 558 expeditissimi
1358 521 1569 558 paranymphi,
1586 520 1658 558 quia
1670 521 1816 550 mentium

1036 569 1101 605 pias
1115 569 1287 597 affectiones
1309 568 1418 596 dilecto
1434 567 1583 601 offerunt,
1604 569 1636 595 ut
1653 567 1714 595 suis
1727 567 1816 595 mise-

1036 615 1203 644 rationibus
1217 615 1254 643 de
1269 623 1324 643 sua
1337 614 1466 643 naturali
1481 614 1612 642 bonitate
1625 613 1816 650 impermuta-

1037 662 1136 690 biliter
1156 662 1278 690 inclusis
1296 662 1444 690 defectum
1465 660 1604 697 supplere
1623 660 1760 689 debeant..
1784 661 1817 690 lli

1036 711 1106 737 sunt
1119 709 1172 745 qui
1186 710 1229 736 tot
1244 708 1373 744 insignia
1387 707 1566 744 impendunt
1580 707 1726 743 obsequia
1736 729 1746 742 ,
1765 708 1818 744 qui

1036 758 1143 784 nostrae
1155 755 1330 783 beatissimae
1345 754 1559 791 redemptionis
1572 754 1603 782 in
1614 754 1817 782 incarnatione

1037 801 1124 830 Verbi
1137 802 1318 830 mediatores
1335 801 1452 838 pacifici
1469 801 1644 836 extiterunt,
1663 801 1716 837 qui
1728 801 1816 829 nobis

1036 857 1142 885 pacem
1161 849 1198 877 de
1219 848 1294 876 coelo
1312 848 1462 876 redditam
1476 840 1705 884 nuntiaverunt,
1728 850 1816 877 Crea-

1035 894 1107 923 toris
1122 897 1150 923 et
1164 899 1306 923 creaturae
1323 895 1387 930 jam
1404 903 1479 931 pace
1498 895 1661 924 reformata
1678 903 1732 932 per
1749 896 1816 924 vitae

1035 942 1202 978 principem
1218 941 1378 969 Dominum
1392 943 1527 969 nostrum
1541 943 1639 970 ,lesum
1653 942 1815 978 Christum,

1036 989 1134 1024 ipsum
1148 996 1203 1024 pro
1217 987 1305 1015 nobis
1322 987 1524 1016 collaudando
1536 1010 1544 1023 ‚
1565 988 1674 1024 gratias
1687 988 1815 1017 redden-

1036 1035 1097 1068 do,
1121 1034 1292 1062 solemniter
1313 1035 1402 1063 beata
1424 1035 1535 1070 gaudia
1559 1035 1692 1063 humano
1715 1036 1816 1071 generi

1036 1081 1201 1110 nuntiando
1213 1103 1221 1117 ‚
1241 1081 1367 1116 jucundi
1387 1082 1481 1109 nuntii
1501 1082 1656 1110 affuerunt.
1678 1084 1710 1110 Et
1728 1090 1816 1111 suum

1036 1128 1177 1164 angelum
1196 1136 1214 1156 a
1235 1128 1338 1156 divina
1352 1128 1484 1157 bonitate
1496 1149 1505 1163 ‚
1525 1137 1543 1157 a
1562 1137 1616 1157 sua
1629 1129 1816 1165 primordiali

1036 1175 1151 1210 origine
1162 1197 1172 1210 ,
1191 1175 1230 1203 ad
1245 1176 1290 1203 sui
1311 1175 1477 1204 custodiam
1495 1175 1670 1212 deputatum
1684 1184 1817 1205 reverea-

1036 1224 1093 1256 tur,
1111 1222 1301 1258 deprecando
1316 1223 1461 1263 attentius,
1479 1224 1511 1250 ut
1525 1222 1588 1258 ipse
1602 1231 1718 1260 pauper
1731 1223 1816 1251 attin-

1035 1276 1102 1303 gere
1118 1269 1233 1303 valeat,
1255 1277 1308 1305 per
1326 1277 1461 1297 amorem
1479 1269 1584 1304 illum,
1603 1269 1634 1297 in
1654 1270 1737 1305 eujus
1751 1278 1815 1298 am-

1034 1315 1172 1351 plexibus
1186 1316 1249 1352 ipse
1260 1337 1270 1350 ,
1290 1317 1448 1352 absorptus
1462 1316 1527 1344 luce
1541 1316 1755 1351 inaccessibili,
1772 1317 1814 1345 se-

1034 1361 1089 1389 1100
1113 1362 1296 1390 beatitudine
1319 1363 1510 1398 jucundatur,
1536 1366 1567 1390 ut
1590 1362 1693 1390 audire
1717 1363 1814 1391 valcat

1035 1409 1110 1437 illud
1126 1410 1209 1446 qnod
1225 1410 1334 1438 Danieli
1350 1411 1501 1446 prophctae
1520 1410 1550 1437 in
1564 1417 1692 1446 persona
1707 1410 1813 1438 animae

1035 1455 1185 1491 diligentis
1197 1478 1205 1491 ,
1222 1456 1329 1484 dicitur
1344 1457 1382 1484 ab
1398 1457 1526 1485 eodem⁵
1539 1466 1546 1484 :
1564 1451 1636 1489 Qffiz'a
1649 1459 1693 1484 vir
1707 1457 1813 1485 deside-

1035 1506 1139 1531 riorum
1155 1512 1181 1531 cs
1197 1507 1236 1531 ta.
1260 1504 1337 1538 Quid
1357 1504 1436 1532 enim
1457 1504 1619 1540 poterimus
1638 1504 1682 1532 illi
1703 1505 1812 1532 beatis-

1036 1551 1110 1578 simo
1136 1551 1310 1578 conductori
1333 1554 1361 1578 et
1383 1551 1562 1579 consolatori
1585 1553 1685 1579 nostro
1711 1559 1814 1587 repen-

1037 1597 1127 1631 dere,
1151 1597 1203 1633 qui
1224 1599 1284 1624 tam
1305 1597 1430 1625 dulciter
1451 1598 1611 1632 admonet,
1630 1600 1661 1626 ut
1683 1598 1812 1626 Creatori

1035 1652 1089 1670 suo
1104 1644 1228 1679 perfecte
1244 1644 1331 1671 etiam
1347 1645 1446 1672 anima
1461 1644 1600 1672 inhaereat
1610 1666 1618 1679 ,
1633 1645 1657 1672 si
1672 1645 1702 1672 in
1717 1645 1812 1672 chari-

1035 1693 1092 1717 tate
1117 1690 1242 1724 debilis,
1265 1690 1289 1717 si
1309 1690 1439 1718 abscissa
1459 1699 1511 1727 per
1530 1694 1683 1727 peceatum
1707 1695 1749 1720 est
1772 1692 1810 1720 ab

1036 1737 1099 1772 ipso
1111 1758 1119 1771 ,
1141 1737 1224 1772 1111011
1239 1736 1278 1764 ad
1292 1737 1404 1765 sontem
1419 1737 1484 1765 vitae
1507 1740 1623 1766 mortua
1635 1739 1698 1773 J'am
1713 1739 1812 1766 anima

1036 1786 1208 1817 revertatur,
1229 1784 1279 1818 qui
1296 1787 1424 1811 mentem
1439 1784 1599 1820 perfectam
1615 1787 1655 1812 tot
1671 1785 1812 1821 splendo-

1034 1831 1117 1858 ribus
1133 1839 1177 1864 ea,
1193 1839 1259 1866 quae
1276 1831 1337 1866 ipse
1354 1831 1488 1867 percipit,
1500 1831 1555 1867 ipsi
1571 1831 1726 1866 objiciens,
1738 1832 1811 1860 mul-

1035 1878 1070 1904 tis
1085 1877 1182 1905 modis
1198 1877 1329 1912 irradiat,
1346 1878 1406 1905 suis
1421 1878 1646 1906 excitationibus
1661 1878 1810 1913 accendit,

1035 1932 1088 1951 suo
1117 1924 1266 1952 consortio
1295 1933 1405 1959 magna
1442 1925 1540 1953 laetitia
1564 1925 1754 1960 jucundatur,
1785 1927 1812 1953 et

1034 1971 1163 1998 maxime
1178 1980 1246 1998 cum
1261 1971 1424 1998 seeundum
1439 1979 1523 1998 suam
1539 1971 1712 2007 parvitatem
1728 1980 1812 1999 mens

1035 2018 1111 2045 saeta
1127 2020 1169 2045 est
1184 2017 1376 2052 conformior,
1397 2026 1465 2045 cnm
1479 2018 1560 2045 idem
1580 2026 1682 2054 sapere
1697 2018 1810 2046 deside-

1035 2066 1098 2097 rat,
1114 2064 1144 2091 in
1160 2072 1220 2100 quo
1235 2064 1283 2091 ille
1299 2064 1424 2092 totaliter
1439 2064 1624 2092 absorbetur.
1640 2066 1719 2092 Tunc
1732 2065 1811 2092 enim

1034 2110 1127 2137 facilis
1148 2113 1190 2138 est
1209 2111 1345 2138 transitus
1357 2132 1365 2144 ,
1383 2112 1414 2138 ut
1429 2118 1512 2138 mens
1527 2119 1561 2138 ea
1572 2132 1581 2144 ,
1601 2119 1667 2146 quae
1683 2111 1739 2139 sibi
1753 2114 1810 2139 An-

1035 2158 1117 2191 gelus
1132 2157 1252 2192 objicit,
1273 2157 1414 2193 recipiat,
1435 2157 1556 2192 quando
1578 2165 1638 2184 non
1653 2159 1765 2184 tantum
1781 2158 1811 2185 in

1035 2206 1152 2238 natura,
1168 2205 1220 2232 sed
1235 2205 1322 2232 etiam
1337 2205 1366 2231 in
1383 2205 1476 2239 gratia
1492 2207 1534 2231 est
1548 2205 1812 2240 proportionabilis

1036 2251 1259 2284 convenientia,
1282 2251 1405 2286 quando
1422 2253 1463 2278 est
1478 2251 1612 2285 ejusdem
1628 2251 1737 2279 amoris
1751 2251 1812 2279 affi-

1036 2297 1110 2324 nitas
1122 2319 1130 2331 ,
1149 2297 1216 2324 lieet
1230 2305 1306 2324 unus
1328 2297 1426 2324 minus
1441 2298 1500 2325 alio
1517 2298 1674 2326 radicetur.
1690 2300 1722 2326 Et
1740 2299 1813 2326 sicut

1037 2347 1078 2370 cst
1093 2343 1275 2379 impossibile
1298 2352 1418 2371 arenam
1434 2345 1524 2371 maris
1539 2347 1566 2372 et
1579 2345 1677 2372 stellas
1692 2345 1758 2373 coeli
1773 2346 1811 2373 ab

1036 2391 1155 2418 homine
1165 2391 1342 2424 enumerari,
1354 2390 1395 2417 sic
1406 2394 1474 2418 sunt
1483 2391 1574 2426 ipsius
1581 2391 1726 2420 beneficia
1736 2393 1812 2420 circa

1036 2446 1091 2464 nos
1105 2437 1228 2464 infinita.
1252 2439 1315 2472 lpse
1332 2437 1410 2464 enim
1425 2440 1466 2464 est
1481 2438 1634 2465 orantibus
1657 2438 1792 2466 assistens
1802 2460 1811 2472 ‚

1037 2486 1138 2510 cuntes
1161 2483 1382 2517 concomitans,
1408 2483 1587 2511 dormientes
1606 2487 1764 2520 protegens
1785 2488 1811 2512 et

1036 2530 1206 2557 defendens.

1071 2577 1206 2612 Sequitur
1221 2577 1257 2604 dc
1276 2577 1356 2605 tertia
1371 2577 1531 2612 industria,
1546 2586 1611 2612 quae
1623 2581 1665 2606 est
1676 2578 1706 2606 in
1718 2579 1810 2607 modo

1035 2624 1135 2659 quoad
1150 2632 1258 2659 corpus
1269 2644 1276 2656 ,
1293 2626 1438 2659 quantum
1452 2623 1491 2652 ad
1506 2626 1632 2659 orantes,
1648 2624 1679 2652 in
1693 2625 1811 2653 unitivis

1069 2686 1221 2715 ¹Joan.,1v‚
1236 2687 1282 2715 2113
1303 2687 1390 2716 Α)ιοσ.,
1413 2692 1428 2715 1,
1457 2687 1493 2710 18.
1509 2698 1535 2702 —
1554 2686 1561 2699 ²
1576 2686 1644 2710 Psal.
1661 2693 1721 2718 cxx,
1744 2690 1765 2711 1.
1780 2701 1809 2705 ——

1036 2722 1043 2734 ³
1058 2721 1111 2751 Job,
1130 2727 1153 2749 ν,
1174 2723 1195 2745 1.
1207 2734 1237 2738 -
1252 2722 1259 2734 ⁴
1274 2721 1496 2751 Tob.‚x11‚1:2.—
1510 2722 1519 2737 ⁵
1532 2722 1607 2751 Dan.y
1625 2728 1661 2752 xx,
1677 2724 1715 2746 23.
