2004 3037
328 150 378 184 DE
399 150 636 185 VIRTU'l'lBUS
657 150 917 184 THEOLOGIClS
940 149 990 182 ET
1012 149 1311 183 CARDlNALlBUS.
1335 152 1421 184 CAI’.
1445 153 1466 184 l.

0 223 83 246 virtum
131 219 165 247 Et
180 220 266 254 nota,
285 219 369 256 quod
385 219 506 248 virtutes
524 220 593 248 sunt
613 219 741 256 septem,
762 218 872 247 scilicet

0 256 69 284 ptem.

97 267 224 303 quatuor
239 265 418 301 cardinales,
439 267 468 294 et
481 268 537 294 tres
550 265 734 302 theologicae.
748 265 873 293 Theolo-

96 312 168 349 gicae
190 314 257 341 sunt
274 313 372 349 ⁴fides,
401 321 467 349 spes
493 314 521 340 et
543 311 678 340 charitas.
703 311 874 340 cardinales

97 361 165 388 sunt
184 359 359 396 prudentia,
379 358 537 394 fortitudo,
554 359 748 395 temperantia
769 360 797 387 et
811 359 874 395 jus-

97 406 169 435 titia.
186 406 328 435 Differunt
347 408 461 441 autem,
481 405 551 442 quia
571 405 745 441 theologicae
764 405 876 434 habent

98 455 205 489 Deum,
225 453 274 481 vel
291 453 406 482 bonum
419 452 598 486 increatum,
612 460 667 488 pro
683 452 743 481 fine
757 453 805 481 vel
819 460 874 489 pro

99 500 216 536 objecto
223 509 232 535 ;
243 500 362 529 virtutes
373 498 537 528 cardinales
548 499 660 527 habent
673 499 789 528 bonum
799 507 876 528 crea-

98 549 162 575 tum
180 555 236 584 pro
257 547 383 583 objecto.
401 547 543 574 Praeterea
561 546 683 574 virtutes
702 546 877 582 theologicae

98 594 259 631 respiciunt
275 593 370 629 magis
383 593 474 621 vitam
494 593 770 629 contemplativam,
786 595 813 621 et
827 601 876 621 or-

100 641 203 669 dinant
228 640 380 669 hominem
409 639 449 668 ad
475 641 566 668 Deum
572 650 580 676 ;
612 640 779 669 cardinales
805 648 877 669 vero

99 688 244 725 pertinent
260 687 299 716 ad
313 687 405 716 vitam
420 688 562 724 activam,
579 690 608 716 et
627 689 766 717 ordinant
779 689 877 717 homi-

99 743 168 763 nem
181 734 221 763 ad
234 734 406 771 proximum
420 744 426 763 :
445 738 472 764 et
492 735 561 764 ideo
581 735 640 764 illae
655 736 794 764 dicuntur
809 737 880 764 theo-

99 783 201 817 loaicoe,
208 781 241 810 id
250 783 302 817 est,
309 782 427 817 divinae,
437 791 454 810 a
463 784 544 811 Theos
554 783 641 819 (Θεὸς),
651 784 734 820 quod
743 786 785 812 est
795 785 880 818 Deus,

101 830 129 856 et
138 830 220 864 Loqos
229 829 328 866 (λαγὸς),
338 830 421 865 quod
432 832 592 864 estsermo,
603 830 881 867 quiaprineipaliter

101 877 168 904 sunt
189 875 228 904 ad
244 877 335 904 Deum
342 885 350 912 ;
372 876 425 904 sed
441 877 608 905 cardinales
630 877 768 905 dicuntur
786 885 803 905 a
822 885 881 905 car-

102 923 165 950 dine
178 923 210 950 in
225 931 286 959 quo
305 923 427 951 vertitur
446 923 571 959 ostium,
593 923 883 960 quiaprincipaliter

101 969 262 1006 respiciunt
279 970 371 998 vitam
386 970 527 1004 activam,
545 978 611 1007 quae
630 973 692 999 tota
707 972 749 998 est
763 971 884 999 mobilis

103 1024 192 1052 super
219 1016 385 1045 cardinales
411 1017 541 1045 virtutes.
568 1017 649 1045 Unde
676 1020 733 1045 tres
761 1017 883 1046 virtutes

102 1063 279 1098 theologicae
293 1063 441 1099 pertinent
461 1064 500 1092 ad
519 1064 656 1099 Mariam,
674 1072 739 1100 quae
759 1064 885 1093 intendit

104 1109 181 1138 circa
191 1118 285 1144 unum,
295 1110 328 1137 id
335 1111 387 1145 est,
400 1110 478 1138 circa
488 1110 603 1138 bonum
614 1110 787 1146 increatum,
800 1111 884 1147 quod

104 1165 157 1185 non
169 1159 297 1191 aufertur
317 1159 349 1185 ab
364 1166 410 1193 ea,
425 1166 480 1186 nec
496 1160 640 1194 mutatur,
663 1161 791 1195 quatuor
812 1167 884 1187 vero

105 1205 270 1233 cardinales
285 1206 432 1242 pertinent
453 1206 492 1234 ad
506 1206 662 1242 Martham,
680 1215 746 1243 quae
760 1207 886 1235 intendit

106 1252 184 1280 circa
203 1251 310 1287 multa,
331 1254 359 1280 et
381 1253 507 1280 tur-batur
527 1261 591 1288 erqa
613 1254 750 1288 plurima,
777 1253 887 1281 scilicet

106 1299 188 1327 bona
202 1301 308 1327 creata.
325 1300 396 1327 Sunt
411 1307 483 1328 vero
499 1299 567 1328 loca
583 1301 756 1336 Scripturae,
773 1301 825 1329 ubi
840 1309 886 1328 re-

106 1345 260 1382 periuntur
274 1346 406 1379 virtutes,
422 1346 518 1380 dona,
539 1347 748 1382 beatitudines,
769 1350 796 1375 et
811 1347 887 1376 fruc-

106 1395 162 1420 tus.
177 1393 301 1421 Virtutes
315 1393 491 1428 theologicae
506 1396 658 1430 ponuntur
672 1395 756 1430 Juxta
770 1395 846 1422 illud
860 1396 866 1412 ¹
879 1405 885 1422 :

107 1440 184 1468 Nunc
198 1442 287 1467 autem
301 1443 408 1467 manent
423 1441 499 1474 fides,
515 1448 584 1475 spes,
605 1441 734 1475 charitas,
753 1444 808 1469 tria
823 1443 886 1469 hoec.

108 1487 238 1520 Quatuor
258 1494 329 1514 vero
348 1487 470 1514 virtutes
485 1487 652 1515 cardinales
672 1490 824 1524 ponuntur
844 1496 888 1516 se-

110 1532 242 1560 cundum
257 1533 332 1560 illud
343 1533 371 1560 2³
391 1534 582 1568 Sobrietatcm,
604 1535 791 1570 prudentiam,
802 1535 888 1569 justi-

110 1581 178 1607 tiam
194 1582 219 1607 et
234 1580 421 1614 fortudinem:
438 1582 532 1615 quibus
547 1583 618 1609 nihil
633 1583 731 1609 utilius
745 1585 784 1609 est
799 1584 829 1609 ia
841 1583 890 1609 hac

109 1628 167 1654 vita
190 1627 352 1654 hominibus.
370 1629 452 1655 Dona
470 1636 541 1656 vero
566 1628 688 1664 Spiritus
711 1629 802 1656 sancti
824 1630 892 1656 sunt

111 1674 238 1709 septem,
258 1673 368 1701 scilicet
388 1673 503 1702 donum
524 1675 689 1711 sapientiae,
710 1675 889 1711 intellectus,

112 1719 242 1754 consilii,
261 1719 450 1756 fortitudinis,
472 1721 603 1757 pietatis,
626 1722 772 1756 scientiae,
788 1724 815 1750 et
836 1723 891 1750 do-

111 1775 185 1795 num
208 1767 330 1795 timoris.
351 1769 406 1796 Ista
426 1770 526 1796 autem
546 1768 627 1796 dona
641 1771 792 1805 ponuntur
807 1770 893 1805 juxta

113 1813 207 1841 illud³
220 1823 226 1842 :
243 1815 278 1841 Et
291 1816 437 1849 requiescet
452 1823 533 1850 super
548 1824 605 1843 eum
622 1818 737 1851 spiritus
751 1819 894 1851 sapientiae

114 1863 139 1888 et
153 1862 319 1895 intellectus,
335 1863 450 1896 spiritus
470 1863 645 1895 fortitudinis
661 1866 685 1890 et
703 1865 823 1898 consilii,
836 1866 893 1900 spi-

114 1909 185 1934 ritus
199 1909 319 1934 scientiae
335 1911 359 1935 et
375 1909 505 1942 pietatis,
522 1911 548 1936 et
566 1911 679 1944 replebit
701 1919 758 1937 eum
777 1912 893 1946 spiritus

117 1955 223 1980 timoris
233 1954 352 1980 Domini.
362 1954 558 1982 Beatitudines
568 1958 665 1983 autem
676 1959 742 1984 sunt
755 1959 832 1991 octo,
841 1958 894 1985 sci-

115 2000 183 2028 licet
197 2003 365 2036 paupertas,
380 2001 487 2028 mititas
501 2002 550 2029 vel
564 2004 773 2037 mansuetudo,
788 2004 894 2039 luctuS,

117 2048 238 2082 esuries,
257 2048 471 2083 misericordia,
488 2049 634 2077 munditia
654 2050 762 2084 cordis,
783 2059 852 2086 pax,
869 2054 896 2078 et

114 2095 235 2130 justitia.
244 2096 462 2130 lstaeponuntur
470 2095 500 2122 in
506 2097 641 2124 Matthoeo.
650 2098 769 2124 Fructus
775 2097 896 2133 Spiritus

118 2141 210 2169 sancti
224 2144 291 2169 sunt
306 2142 476 2177 duodecim,
490 2142 601 2171 scilicet
614 2144 741 2175 charitas,
754 2145 895 2179 gaudium,

116 2196 190 2223 pam,
205 2190 356 2223 patientia,
373 2190 579 2224 Ionyanimitas,
593 2191 713 2224 bonitas,
730 2191 895 2224 benignitas,

118 2235 303 2270 mansuetudo,
315 2236 390 2270 fides,
403 2235 545 2271 modestia,
559 2238 726 2264 continentia
738 2240 763 2264 et
774 2239 894 2264 castitas.

118 2281 166 2309 lsti
178 2284 330 2318 ponuntur
345 2283 384 2309 act
400 2283 511 2310 Galatas
526 2283 546 2311 5.

155 2328 249 2356 Virtus
264 2328 305 2356 sic
320 2328 464 2356 diffinitur
477 2329 507 2356 in
521 2329 599 2357 libro
616 2330 648 2356 cle
663 2331 772 2365 Spiritu
787 2334 812 2358 et
826 2332 897 2358 Ani-

121 2381 164 2401 ma
178 2373 206 2401 ⁶.-
230 2384 244 2400 «
264 2375 358 2403 Virtus
380 2377 423 2403 est
441 2375 564 2403 <habitus
585 2377 691 2404 mentis
712 2377 789 2405 bene
818 2378 898 2405 insti-

122 2422 198 2448 tutae.
219 2431 232 2448 >³
250 2423 289 2449 De
304 2422 407 2450 virtute
426 2422 457 2449 in
472 2423 623 2450 communi
643 2425 714 2451 nota
736 2424 899 2460 specialiter

122 2467 191 2502 tria,
217 2468 340 2504 scilicet,
360 2469 423 2504 ejus
446 2469 608 2505 pretiosam
629 2472 896 2508 comparationem,

157 2541 165 2557 ¹
184 2540 192 2564 l
208 2540 275 2569 Cor„
290 2547 348 2572 xm,
366 2544 402 2566 13.
417 2557 442 2562 —
459 2543 466 2557 ²
479 2544 705 2573 Sup.‚v111‚7.—
720 2546 729 2561 ³
745 2547 804 2576 Iso„
822 2553 857 2577 xi,
875 2549 898 2570 Ξ.

124 2588 154 2594 -
165 2576 175 2593 ⁴
188 2576 316 2606 Mutuum,
328 2580 340 2599 3
351 2579 442 2609 etseq.
454 2591 484 2595 —-
494 2579 503 2595 5
514 2578 581 2609 Gal,
593 2585 617 2608 v,
629 2581 710 2604 22-23.
722 2595 751 2600 -
763 2584 772 2595 5
782 2583 819 2606 De
830 2583 899 2614 Spir.

124 2613 149 2635 et
159 2611 255 2642 Arnim„
267 2619 290 2636 e.
302 2618 337 2642 ιν,
352 2612 418 2637 inter
433 2614 509 2644 Oper.
522 2615 548 2639 S.
560 2616 636 2646 Aug„
652 2617 762 2647 append.
777 2620 838 2643 tom.
856 2619 898 2643 Vl.

1645 156 1701 186 291

927 216 1090 246 virtuosam
1110 217 1329 254 operationem,
1345 220 1373 248 et
1387 219 1548 256 gratiosam
1567 229 1707 258 procrea·

929 263 1049 292 tionem.
1066 265 1260 301 comparatur
1278 274 1348 302 ergo
1370 266 1462 295 virtus
1481 268 1575 297 tribus
1594 269 1708 306 specia-

929 310 1005 345 liter,
1021 311 1131 339 scilicet
1145 311 1226 347 ligno
1240 312 1403 348 fructuoso,
1417 313 1510 351 lapidi
1525 316 1665 352 pretioso,
1681 319 1710 346 et

931 357 1039 385 coelesti
1054 358 1203 394 paradiso.
1221 359 1317 388 Primo
1332 363 1520 398 comparatur
1534 362 1616 398 ligno
1630 363 1709 393 sruc-

930 405 1040 432 tuoso:
1063 404 1156 433 homo
1184 405 1263 434 enim
1286 406 1400 444 absque
1423 407 1544 444 virtute,
1569 412 1612 438 est
1637 411 1711 440 sicut

932 451 1023 480 arbor
1036 451 1192 486 silvestris,
1207 453 1255 481 vel
1268 453 1369 490 vinea,
1386 462 1453 491 quoe
1467 455 1579 492 profert
1593 456 1710 487 labrus-

933 506 997 532 caS,
1012 498 1044 526 id
1060 501 1117 533 est,
1132 498 1340 528 delectationes
1355 501 1499 537 carnales,
1514 502 1562 531 vel
1575 503 1710 540 glandes,

933 553 1000 581 quae
1020 547 1087 573 sunt
1105 545 1217 575 cibaria
1234 554 1411 583 porcorum,
1427 548 1459 576 id
1479 551 1534 585 est,
1554 549 1711 580 hominum

933 591 1169 621 immundorum.
1186 593 1242 621 Sed
1256 593 1280 621 si
1294 601 1395 622 ramus
1413 595 1524 624 virtutis
1545 597 1596 625 tali
1611 598 1712 627 arbori

933 638 1022 667 fuerit
1034 639 1175 675 insertus,
1196 642 1288 668 totam
1308 641 1448 670 arborem
1466 643 1552 672 trahit
1568 644 1608 673 ad
1627 648 1712 674 natu-

934 694 999 714 ram
1014 694 1114 722 suam,
1131 688 1158 715 ct
1175 686 1244 715 facit
1265 696 1330 716 eam
1349 688 1425 717 ferre
1443 689 1552 719 fructus
1574 693 1713 729 optimos,

936 741 1002 769 quae
1013 733 1161 761 laetIficant
1171 735 1262 762 Deum
1271 736 1298 762 et
1310 735 1432 771 angelos
1443 737 1502 773 Dei,
1507 738 1592 773 Juxta
1602 739 1679 768 illud
1688 742 1712 768 ⁷:

938 780 1073 808 Gaudium
1088 783 1126 808 est
1140 782 1244 816 anoctis
1260 783 1308 810 Dei
1329 791 1409 818 super
1422 792 1474 812 uno
1492 788 1642 820 peccatore,
1659 789 1713 816 etc.

937 829 1001 855 Haec
1022 829 1065 855 est
1087 827 1138 856 illa
1157 828 1247 856 arhor
1269 829 1483 867 pulcherrima,
1510 834 1593 869 qu'us
1610 836 1716 869 fructus

937 876 1039 902 nimius
1054 877 1079 902 et
1100 882 1158 902 esca
1175 877 1360 905 universorum
1376 879 1405 906 in
1426 887 1473 913 ca,
1490 882 1522 908 ut
1540 881 1668 910 habetur
1686 883 1718 911 in

938 923 1058 950 Daniele.

975 969 1110 996 Secundo
1135 972 1325 1006 comparatur
1347 972 1442 1008 lapidi
1466 975 1606 1010 pretioso.
1624 977 1718 1007 Virtus

940 1015 1019 1042 enim
1031 1023 1097 1051 quae
1113 1018 1155 1044 cst
1168 1016 1198 1044 in
1211 1017 1276 1046 viro
1289 1019 1380 1055 justo,
1391 1019 1460 1048 facit
1473 1030 1542 1050 eum
1557 1025 1718 1059 praevalere

939 1061 1039 1090 multis
1059 1064 1264 1098 peccatoribus
1271 1075 1279 1100 ;
1298 1073 1368 1094 nam
1392 1067 1499 1096 dicitur
1512 1069 1542 1097 ⁹:
1565 1071 1662 1099 Melior
1681 1076 1720 1101 est

939 1117 1009 1136 unus
1024 1111 1119 1137 timens
1135 1111 1232 1146 Deum,
1253 1120 1333 1147 quam
1350 1115 1425 1142 mille
1437 1116 1493 1149 filii
1501 1118 1592 1152 impii.
1610 1119 1647 1147 De
1662 1119 1719 1148 hoc

940 1155 1040 1192 lapide
1064 1157 1193 1192 pretioso
1217 1158 1325 1187 dicitur
1342 1160 1362 1178 ¹⁰
1380 1170 1386 1188 :
1408 1162 1495 1195 Quasi
1509 1164 1611 1200 lapidis
1629 1168 1719 1196 virtus

939 1203 1063 1238 probatio
1079 1205 1131 1231 erit
1150 1205 1180 1231 in
1195 1206 1248 1240 eis,
1265 1205 1376 1235 scilicet
1395 1209 1536 1244 operibus
1556 1211 1664 1241 bonis:
1682 1215 1722 1243 ta-

941 1257 1012 1277 men
1038 1249 1129 1278 hodie
1153 1251 1281 1279 multum
1306 1253 1509 1291 vilipenditur,
1536 1257 1567 1286 in
1589 1260 1720 1297 tantum,

943 1296 1027 1332 quod
1041 1297 1064 1324 si
1079 1299 1154 1325 esset
1168 1299 1295 1334 venalis,
1314 1308 1332 1328 a
1349 1302 1452 1337 paucis
1472 1307 1628 1335 emeretur.
1644 1307 1724 1337 Siout

943 1343 1054 1379 gallus,
1076 1345 1128 1380 qui
1148 1345 1259 1374 invenit
1281 1347 1311 1375 in
1326 1350 1512 1386 sterquilinio
1530 1355 1722 1389 margaritam

944 1392 971 1418 et
985 1398 1111 1433 granum
1126 1392 1291 1429 putridum,
1303 1394 1435 1431 inspecta
1449 1400 1619 1436 margarita,
1635 1402 1724 1438 elegit

944 1447 1071 1474 granum
1085 1439 1239 1475 putridum
1250 1451 1256 1473 ;
1267 1441 1308 1469 ,sio
1318 1442 1410 1471 homo
1421 1446 1609 1482 mundanus,
1625 1452 1724 1485 spreta

943 1487 1066 1521 virtute,
1082 1488 1192 1524 appetit
1206 1488 1317 1517 bonum
1334 1492 1496 1527 temporale
1512 1495 1722 1527 transitorium.

945 1535 978 1562 Et
1002 1534 1076 1562 ratio
1105 1536 1160 1568 est,
1187 1543 1276 1571 quare
1302 1536 1492 1573 vilipenditur
1518 1541 1623 1577 virtus,
1653 1544 1724 1579 quia

945 1582 1033 1608 nescit
1050 1581 1123 1608 homo
1141 1584 1259 1616 pretium
1278 1583 1349 1619 ejus,
1365 1586 1397 1612 ut
1415 1585 1520 1615 dieitur
1534 1588 1566 1616 in
1581 1591 1628 1617 Job
1644 1592 1676 1618 ¹¹.
1693 1593 1725 1620 Et

945 1629 1066 1663 propter
1080 1627 1137 1655 hoc
1148 1628 1217 1656 dicit
1231 1630 1364 1659 Salvator
1377 1631 1397 1649 ¹²
1408 1641 1414 1659 :
1426 1634 1468 1662 Ne
1482 1636 1603 1663 mittatis
1614 1645 1724 1672 marga-

946 1676 1016 1701 ritas
1031 1677 1094 1702 ante
1107 1683 1214 1710 porcos,
1235 1676 1267 1704 id
1282 1679 1342 1712 est,
1359 1678 1497 1708 homines
1510 1681 1683 1712 immundos
1699 1687 1726 1713 et

946 1720 1133 1756 mundanos,
1150 1722 1221 1758 quia
1240 1723 1307 1759 plus
1326 1725 1431 1754 volunt
1450 1727 1545 1756 furfur
1559 1731 1684 1759 carnalis
1699 1734 1727 1761 et

946 1766 1108 1795 immundae
1128 1768 1344 1806 delectationis,
1362 1781 1454 1809 quam
1472 1777 1647 1812 margaritas
1662 1787 1728 1815 gra-

947 1814 1006 1849 tiae,
1022 1815 1070 1842 vel
1084 1815 1207 1844 virtutis.

983 1862 1077 1889 Tertio
1084 1866 1273 1899 comparatur
1281 1866 1432 1902 paradiso,
1441 1869 1501 1897 tam
1508 1870 1629 1906 coelesti,
1637 1881 1728 1908 quam

948 1910 1084 1936 terrestri.
1099 1911 1234 1938 Terrestri
1250 1916 1439 1948 eomparatur
1452 1916 1483 1943 in
1499 1917 1602 1953 tribus,
1618 1920 1729 1949 scilicet

949 1955 979 1982 in
998 1956 1068 1983 situs
1094 1957 1268 1993 eminentia,
1290 1959 1321 1987 in
1339 1960 1450 1989 fructus
1471 1964 1636 2001 opulentia,
1657 1969 1729 1997 etin

948 2001 1037 2029 fontis
1050 2003 1212 2032 affluentia.
1223 2007 1269 2033 Est
1280 2006 1358 2034 enim
1371 2009 1469 2044 primo
1479 2012 1635 2046 paradisus
1646 2014 1730 2043 locus

950 2049 1117 2084 altissimuS,
1128 2051 1166 2078 ita
1178 2052 1261 2087 quod
1271 2061 1356 2088 aquae
1368 2055 1471 2083 diluvii
1483 2066 1577 2093 usque
1591 2060 1630 2087 ad
1642 2061 1729 2090 illum

950 2094 1050 2123 locum
1069 2104 1129 2123 non
1149 2103 1364 2132 pervenerunt:
1388 2102 1428 2129 sic
1449 2104 1503 2131 viri
1521 2106 1667 2144 religiosi,
1683 2110 1731 2138 vel

951 2142 1088 2177 virtuosi,
1108 2143 1198 2171 vitam
1213 2145 1324 2174 habent
1338 2148 1516 2179 eminentem
1538 2152 1629 2182 instar
1643 2163 1730 2191 para-

952 2188 1022 2223 disi,
1039 2189 1079 2216 ita
1094 2191 1176 2226 quod
1190 2199 1344 2228 nunquam
1364 2195 1596 2234 submerguntur
1617 2202 1730 2232 diluvio

951 2236 1072 2270 peccati.
1081 2237 1162 2265 Unde
1174 2237 1369 2276 dicitSapiens
1380 2242 1411 2270 in
1418 2248 1607 2279 personaviri
1617 2249 1687 2284 justi
1696 2252 1729 2280 ²³:

952 2283 1091 2310 Eoealtasti
1112 2292 1192 2319 super
1216 2290 1316 2315 terram
1342 2290 1536 2321 habitationem
1565 2304 1660 2325 meam.
1685 2299 1734 2327 Est

952 2331 1084 2359 secundo
1107 2333 1264 2368 paradisus
1284 2336 1368 2365 locus
1387 2338 1530 2369 fructibus
1553 2344 1731 2379 opulentus:

952 2377 1090 2413 producit
1105 2380 1183 2407 enim
1199 2389 1273 2409 omne
1292 2384 1395 2418 liynum
1412 2389 1556 2421 pulchrum
1567 2393 1642 2426 visu,
1658 2395 1683 2420 et
1697 2395 1733 2421 ad

953 2425 1108 2453 vescendum
1126 2435 1221 2463 suave,
1242 2431 1273 2457 ut
1293 2430 1402 2461 dicitur
1425 2433 1455 2461 in
1470 2435 1564 2464 Genesi
1578 2437 1607 2465 ¹³.
1628 2439 1673 2466 Sic
1689 2441 1734 2469 vir

952 2471 1064 2507 justus,
1083 2473 1130 2501 vel
1148 2475 1311 2511 virtuosus,
1333 2486 1421 2507 omne
1442 2481 1557 2516 lignum
1576 2485 1732 2520 pulchrum

954 2558 985 2562 ——
999 2545 1006 2561 7
1024 2546 1090 2573 Luc..
1107 2553 1149 2578 xv,
1169 2550 1203 2572 10.
1220 2562 1249 2566 —-
1264 2552 1272 2563 ²·
1286 2551 1361 2581 Dan„
1377 2559 1412 2583 ιν,
1429 2555 1451 2578 9.
1467 2568 1498 2573 -
1511 2558 1519 2570 ⁴³
1535 2558 1624 2584 Ecclzg
1641 2565 1684 2583 ΧΠ
1710 2564 1734 2585 3.

955 2594 984 2598 —
1000 2582 1018 2597 ¹⁰
1034 2582 1122 2613 Eccli.‚
1140 2589 1174 2614 vn,
1190 2585 1229 2608 22.
1241 2598 1271 2602 —
1289 2588 1306 2602 ¹¹
1322 2587 1377 2618 Job,
1393 2595 1485 2620 xxvui,
1506 2594 1543 2615 13.
1554 2605 1584 2610 -
1601 2594 1618 2609 ¹²
1634 2579 1723 2620 Mat’ttz.

956 2622 1002 2647 xii,
1018 2619 1041 2642 ϋ.
1055 2630 1085 2634 -—-
1099 2618 1118 2634 ¹³
1130 2619 1215 2650 Eccli.7
1233 2626 1269 2652 ιι,
1288 2623 1358 2646 13.—
1377 2624 1393 2639 Η*
1407 2624 1477 2656 Gen.,
1493 2632 1521 2657 11,
1539 2629 1562 2651 9.
1726 2615 1734 2628 δ
