2004 3037
555 211 605 243 DE
627 208 820 243 OPERIBUS
842 210 1086 244 CONDITORIS.
1110 213 1196 244 CAP.
1220 212 1298 245 XlX.
1690 217 1730 246 99

127 279 184 309 dus
196 280 205 298 ¹
222 289 229 308 τ
245 280 357 308 Mittam
377 280 498 314 anqelum
516 285 724 315 praecursorem,
745 279 792 313 qui
810 278 902 313 ejiciat

125 327 285 356 Jebusoeum.
312 325 462 355 Secundus
485 327 527 354 est
549 324 722 353 tentationes
743 324 900 361 mitigare3

129 373 230 402 Daniel
252 373 262 390 ²
287 381 294 400 :
314 373 434 407 Anqelus
461 373 572 399 Domini
597 371 733 399 descendit
759 373 789 398 in
806 372 901 405 forna-

129 427 183 448 cem
195 440 203 454 ‚
220 421 272 447 ete.
288 419 398 447 Tertius
420 420 462 446 est
476 419 578 446 contra
591 417 690 445 hostes
704 416 836 445 visibiles
850 417 903 446 ad-

127 467 245 503 juvare3
269 466 300 494 in
314 466 392 494 libro
411 467 511 500 Regum
530 466 561 492 ³:
588 464 707 492 Elisaeus
722 465 794 492 vidit
815 467 904 492 castra

130 514 294 548 anqelorum.
311 513 436 546 Quartus
446 513 489 540 est
499 511 646 539 orationes
660 512 776 538 nostras
788 512 816 538 et
830 511 905 539 elee-

130 567 249 595 mosyas
264 561 322 587 Deo
337 560 523 595 praesentare,
540 560 568 586 et
581 566 635 595 pro
651 557 739 586 nobis
754 566 839 585 orare
851 567 859 593 3
874 557 904 585 in

131 605 238 634 Tobia“
251 614 258 632 :
275 605 387 638 Quando
402 605 497 632 orabas
512 613 571 632 cum
586 606 712 639 lacrymis
720 623 729 638 ,
746 606 800 632 etc.
817 604 906 637 Quin-

132 653 178 680 tus
190 653 233 680 est
245 651 324 680 viam
342 651 496 680 ostendere
507 660 516 686 3
532 652 562 679 in
576 651 668 679 Tobia
681 651 691 667 ⁵
708 659 714 678 ε
737 653 791 686 Ego
811 659 906 678 sanum

133 697 241 733 ducam,
257 701 282 725 et
296 698 439 731 reducam,
461 699 515 725 etc.
537 698 639 725 Sextus
663 699 705 725 est
730 697 760 724 iu
784 697 908 732 agendis

134 744 258 780 docere,
269 744 421 772 Zacharias
432 745 453 780 ⁶,
467 744 503 772 de
515 744 622 779 angelo
633 744 684 780 qui
694 744 830 772 instruxit
841 753 908 773 eum

135 791 173 819 de
198 793 325 827 quatuor
346 790 451 818 fabris.
475 791 620 826 Septimus
643 793 705 825 est,
733 791 862 827 seipsum
883 793 911 818 et

136 837 195 865 alia
209 838 319 865 secreta
333 837 478 870 revelare,
496 837 527 864 in
540 836 631 865 Tobia
645 838 655 854 ⁷
679 846 686 864 ε
705 838 759 872 qu
779 846 838 865 sum
857 839 910 864 Ra-

135 884 215 919 phael
234 884 352 917 anqelas.
378 885 502 911 Octavus
524 885 566 910 est
584 891 602 910 a
622 884 750 919 peccatis
765 883 907 918 excitare;

137 930 169 957 in
183 929 258 957 Actis
270 930 280 946 ⁸
296 938 301 956 :
317 929 401 963 Surge
415 930 549 956 velociter.
569 931 668 957 Nonus
684 932 744 965 est,
761 930 799 957 ad
816 930 910 957 t'crvo-

137 983 201 1003 rem
216 975 357 1010 excitare3
373 975 404 1002 in
416 975 494 1003 libro
508 977 624 1010 Regum
635 976 645 992 ⁹
660 985 666 1004 :
683 976 781 1010 Surqe,
792 977 911 1009 comede,-

138 1021 250 1056 qrandz‘s
264 1022 335 1048 enim
350 1021 402 1048 tibi
415 1023 498 1048 restat
516 1023 573 1048 via.
596 1021 730 1048 Decimus
746 1023 789 1049 est
811 1029 915 1050 conso-

138 1066 193 1095 lari
203 1076 211 1102 3
226 1066 258 1094 in
275 1065 366 1094 Tobia
383 1066 400 1083 ¹⁰
416 1075 422 1093 z
439 1067 517 1094 Forti
532 1069 621 1094 animo
646 1070 700 1095 esto
707 1076 715 1102 ς
740 1069 770 1094 in
788 1070 915 1102 proximo

139 1115 178 1141 est
192 1115 222 1140 ut
236 1121 253 1140 a
264 1113 318 1140 Deo
333 1114 441 1140 cureris.
466 1112 642 1140 Undecimus
665 1115 708 1141 est
732 1114 768 1141 de
790 1114 916 1150 peccatis

139 1158 304 1194 increpare;
318 1158 348 1185 in
361 1158 438 1186 libro
453 1159 579 1187 Judi'cum
594 1160 620 1194 ¹¹,
632 1159 706 1187 dixit
721 1160 851 1195 Angelus
865 1168 918 1196 po—

139 1205 210 1242 pulo
221 1205 307 1233 Israel
323 1214 329 1233 :
347 1205 402 1232 Cur
412 1207 513 1233 contra
523 1207 614 1233 Deum
628 1208 755 1240 fecistis?
771 1207 916 1234 Duodeci-

140 1259 206 1279 mus
221 1253 264 1279 est
277 1252 438 1279 contrarias
456 1254 612 1286 potestates
626 1260 739 1287 arcere,
752 1261 789 1280 ne
805 1254 918 1280 tantum

140 1305 247 1326 nocere
267 1298 402 1331 valeant,
419 1300 564 1334 quantum
583 1298 691 1326 vellent
698 1309 705 1333 3
722 1299 753 1326 in
776 1300 860 1327 Tobz’a
886 1300 918 1332 ¹2,

142 1345 267 1381 qualiter
281 1345 409 1380 Angelus
424 1345 611 1373 Asmodaeum
626 1345 737 1380 ligavit.

178 1391 280 1427 Angeli
293 1392 424 1419 serviunt
437 1391 525 1419 nobis
546 1394 667 1427 propter
685 1392 760 1426 tria,
786 1392 894 1419 scilicet
910 1401 916 1418 :

143 1439 264 1473 propter
278 1437 370 1465 ruinae
385 1445 444 1465 suae
458 1437 688 1473 reparationem,
703 1438 773 1473 quia
784 1438 920 1465 homines

144 1483 280 1512 salvandi
301 1483 453 1511 intrabunt
473 1484 503 1510 in
524 1483 623 1511 locum
648 1484 816 1511 cadentium
832 1492 921 1519 ange-

143 1529 260 1565 lorum3
281 1530 350 1558 item
365 1531 485 1565 propter
505 1530 601 1557 meriti
616 1530 804 1558 accidentalis
820 1538 920 1558 cumu-

143 1575 285 1604 lationem
296 1596 305 1610 ,
329 1575 413 1611 quod
427 1578 550 1610 augetur
567 1576 597 1603 in
613 1576 654 1603 eis
679 1584 772 1612 usque
787 1576 827 1604 ad
842 1576 921 1603 diem

140 1622 262 1658 judicii3
278 1622 350 1650 item
362 1624 484 1658 propter
498 1622 609 1650 amoris
624 1630 694 1657 erga
708 1630 764 1650 nos
779 1623 918 1651 demons-

145 1668 310 1696 irationem.

180 1714 336 1750 Dionysius
350 1714 482 1742 attribuit
497 1715 604 1750 angelo
620 1717 676 1742 tres
692 1717 774 1742 actus
782 1736 791 1750 ,
814 1715 924 1743 scilicet

149 1768 294 1797 purgare,
310 1760 494 1795 illuminare,
517 1764 544 1789 et
555 1761 706 1797 perficere.
729 1763 858 1797 Purgant
871 1762 924 1789 ita-

148 1815 206 1843 que
227 1807 325 1842 augeli
347 1807 530 1835 removendo
553 1807 760 1843 phantasmata
783 1816 849 1845 quae
869 1808 925 1835 im-

147 1853 272 1889 pediunt
285 1853 550 1889 illuminationem,
571 1862 661 1889 quam
686 1854 810 1890 angelus
828 1856 923 1882 inten-

149 1899 192 1927 dit
204 1899 299 1927 facere
313 1899 344 1927 in
358 1900 456 1927 nobis„
473 1900 553 1927 Unde
568 1900 624 1927 tria
637 1903 790 1929 removent
804 1901 842 1928 ab
864 1901 926 1928 ani-

148 1953 213 1980 ma,
229 1945 338 1973 scilicet
356 1946 573 1981 ignorantiam,
590 1948 619 1973 et
632 1947 737 1974 nubila
758 1947 925 1983 phantasia-

150 1999 236 2025 rum,
253 1999 286 2018 ac
300 1991 388 2019 falsas
407 1992 563 2027 opiniones
585 1992 860 2028 philosophicarum
879 2002 926 2022 ra-

151 2037 267 2065 tionum
293 2038 468 2065 revelationi
501 2039 726 2066 contrariarum.
759 2039 927 2067 illuminant

152 2091 223 2111 vero
239 2083 370 2111 animam
384 2083 544 2119 tripliciter,
560 2084 670 2111 scilicet
685 2085 724 2112 ad
740 2093 859 2113 sensum
871 2106 878 2119 ,
896 2088 927 2114 ut

153 2131 232 2164 patet
260 2129 382 2165 quando
408 2129 524 2165 aliquid
547 2129 734 2157 manifestant
760 2131 795 2165 (a)
826 2132 857 2158 iu
880 2140 926 2159 as-

153 2177 271 2211 sumpto
297 2183 439 2211 corpore,
458 2175 528 2203 item
543 2176 581 2203 ad
597 2176 859 2212 imaginationem,
874 2178 928 2205 sci-

154 2221 221 2249 licet
235 2230 303 2249 cum
322 2221 519 2256 fumositates,
543 2230 609 2257 quae
632 2230 685 2257 per
709 2223 843 2258 spiritum
867 2224 929 2251 ani-

155 2267 265 2295 malem
278 2268 317 2295 ad
333 2268 488 2295 cerebrum
503 2268 666 2302 elevantur,
683 2269 879 2297 transmittunt
899 2270 930 2297 in

156 2313 272 2341 diversa
286 2314 492 2350 phantasmata
504 2323 510 2342 ε
525 2317 553 2341 et
566 2314 642 2342 hanc
654 2317 828 2350 potestatem
842 2315 931 2344 habet

157 2359 244 2387 etiam
259 2359 408 2388 diabolus.
425 2362 494 2388 ltem
509 2360 548 2387 ad
563 2360 761 2395 intellectum,
776 2364 804 2389 et
817 2361 881 2389 talis
897 2362 931 2389 il-

156 2404 310 2434 luminatio
324 2407 422 2434 solum
436 2406 565 2442 perfecta
580 2409 632 2434 est.
649 2407 817 2435 Notandum
833 2410 931 2436 autem

158 2452 241 2487 quod
262 2452 383 2487 angelus
406 2460 468 2479 non
491 2452 639 2481 illuminat
661 2453 843 2481 intellectum
866 2454 930 2481 effi-

159 2497 263 2525 ciendo
278 2506 390 2526 novam
405 2498 604 2533 cognitionem
614 2500 645 2526 in
656 2500 770 2534 anima,
785 2500 856 2536 quia
871 2508 932 2528 non

159 2545 254 2578 potest
265 2545 298 2572 in
312 2544 462 2572 intellectu
475 2552 586 2572 novam
600 2545 728 2580 speciem
744 2546 930 2582 imprimere,

196 2605 415 2635 ¹Exod.,xxx111,
428 2608 452 2630 2.
468 2620 498 2624 —
514 2607 522 2620 ²
538 2607 613 2635 Dan.y
632 2613 676 2637 ιιι,
692 2609 729 2632 49.
746 2622 777 2626 —
795 2608 805 2624 ³
817 2610 848 2632 tV
865 2610 931 2639 Κεφ,

162 2644 198 2669 vi,
215 2641 293 2663 17.-
308 2642 318 2657 ⁸
337 2641 405 2670 Tob„
419 2647 467 2672 ΧΗ,
484 2643 521 2665 12.
534 2655 564 2660 -
582 2643 592 2659 ⁵
610 2642 675 2673 Tob„
691 2649 716 2672 v,
740 2646 806 2668 iti.--
821 2645 831 2660 ⁸
847 2645 931 2673 Zuclt.y

955 287 1010 308 neo
1024 279 1160 308 habitum
1174 280 1246 308 novi
1269 280 1390 308 luminis
1413 280 1500 314 dare,
1515 280 1568 309 sed
1588 288 1643 310 nec
1667 282 1731 318 ejus

956 327 1149 356 intentionem
1165 335 1225 363 quo
1239 326 1303 356 vult
1317 329 1487 356 convertere
1498 349 1507 363 ,
1524 327 1595 364 quia
1609 328 1666 356 hoc
1689 331 1732 358 est

958 376 1059 401 contra
1082 376 1217 402 naturam
1235 373 1321 401 liberi
1340 373 1463 402 arbiirii.
1493 375 1558 402 Haec
1577 374 1656 402 enim
1679 375 1733 404 trIa

957 420 1159 456 requiruntur,
1179 421 1212 448 ut
1225 419 1387 447 intellectus
1406 421 1506 448 noster
1520 420 1664 456 intelligat
1678 421 1732 450 ali-

959 465 1047 502 quid,
1067 466 1177 494 scilicet
1203 466 1315 502 speeies
1335 473 1395 502 qua
1417 469 1624 502 cognoscatur,
1645 470 1672 496 et
1691 468 1735 496 lu—

959 520 1028 540 men
1043 513 1073 541 in
1088 521 1148 549 quo
1166 513 1370 548 cognoscatur,
1393 514 1421 540 et
1442 513 1564 541 intentio
1579 522 1640 550 qua
1664 522 1734 542 con-

959 561 1089 588 vertatur
1117 559 1280 587 intetleetus
1308 567 1396 595 super
1424 559 1562 595 speciem.
1589 559 1737 589 illuminat

961 608 1059 634 autem
1075 605 1197 641 angelus
1216 605 1395 633 intellectum
1412 608 1546 634 nostrum
1561 607 1716 636 excitando
1727 628 1737 642 ‚

962 653 991 680 et
1003 652 1208 688 disponendo,
1224 653 1253 679 et
1267 652 1368 679 lumen
1383 651 1520 680 divinum
1533 653 1564 680 in
1578 660 1632 680 nos
1647 655 1738 681 trans-

963 699 1096 727 ferendo.
1113 698 1191 726 Facit
1205 698 1284 726 enim
1294 720 1303 734 ,
1318 701 1351 726 ut
1365 698 1477 726 dictum
1493 701 1553 734 est,
1569 699 1599 727 in
1614 700 1738 736 phanta-

964 745 1007 773 sia
1025 745 1300 773 transmutationem
1320 745 1506 781 specierum,
1529 747 1739 782 componendo

965 793 994 820 et
1006 792 1169 820 dividendo
1180 812 1188 826 ,
1205 792 1369 820 secundum
1393 791 1570 827 exigentiam
1584 793 1626 820 rei
1648 801 1740 829 quam

965 838 1030 866 vult
1052 838 1193 866 revelare.
1218 840 1288 867 item
1309 838 1432 867 irradiat
1452 839 1555 867 lumen
1578 840 1741 868 intellectus

966 884 1011 912 sui
1025 892 1112 920 super
1126 885 1192 913 illas
1206 885 1337 921 species,
1353 887 1385 913 ut
1402 888 1544 914 moveant
1563 886 1743 914 intellectum

967 933 1101 958 nostrum
1111 951 1120 965 ,
1136 933 1163 959 et
1177 931 1217 959 sic
1232 931 1319 967 plura
1335 934 1363 960 et
1378 932 1535 960 subtiliora
1549 932 1651 960 videre
1675 940 1743 968 pos·
1765 960 1772 966 ,

967 977 1059 1005 simus
1077 978 1109 1012 (b)
1131 978 1160 1005 in
1178 978 1290 1006 lumine
1306 978 1469 1014 duplicato.
1491 980 1562 1007 item
1578 979 1685 1007 excitat
1700 978 1745 1006 in-

970 1023 1131 1051 tentionem
1145 1024 1251 1051 auimae
1266 1024 1368 1060 aliquo
1383 1027 1467 1052 motu
1477 1045 1486 1058 ,
1501 1027 1534 1052 ut
1547 1024 1612 1060 ipsa
1626 1033 1747 1053 conver-

970 1071 1010 1096 tat
1030 1078 1060 1097 se
1075 1077 1161 1105 super
1177 1070 1228 1098 illa
1248 1070 1472 1106 phantasmata,
1497 1070 1699 1098 abstrahendo
1715 1078 1746 1099 se

971 1115 1009 1143 ab
1020 1116 1095 1143 aliis.
1105 1116 1262 1144 Perficiunt
1275 1118 1386 1150 autem,
1404 1117 1435 1144 id
1450 1118 1502 1152 cst,
1517 1119 1695 1152 promovent
1708 1117 1748 1145 ad

971 1162 1086 1190 meiius

1007 1208 1065 1236 Sed
1078 1210 1178 1235 utrum
1193 1209 1317 1243 angelus
1333 1209 1493 1237 accendere
1504 1211 1596 1245 possit
1610 1210 1747 1238 affectum

973 1255 1137 1282 humanum
1149 1275 1156 1288 ,
1182 1255 1334 1290 tripliciter
1358 1257 1454 1291 potest
1477 1256 1616 1292 intelligi,
1640 1256 1750 1284 scilicet

973 1300 1021 1328 vel
1036 1300 1202 1335 efficiendo,
1219 1301 1267 1328 vel
1285 1301 1441 1329 excitando
1457 1304 1485 1330 et
1499 1302 1686 1338 adjuvando,
1704 1303 1750 1330 vel

974 1347 1135 1375 movendo.
1164 1347 1260 1375 Primo
1279 1348 1372 1375 modo
1394 1348 1475 1375 solus
1496 1350 1568 1376 Deus
1590 1350 1687 1385 potest
1704 1348 1750 1376 in-

975 1393 1129 1421 flammare
1151 1393 1304 1428 affectum,
1329 1394 1438 1422 scilicet
1455 1402 1508 1430 per
1530 1395 1677 1422 effectum.
1702 1396 1751 1423 Se-

976 1440 1075 1467 cundo
1091 1439 1183 1467 modo
1199 1440 1297 1475 ipsum
1313 1440 1512 1468 desideratum
1529 1441 1695 1469 inflammat
1710 1442 1752 1468 at'-

976 1484 1099 1520 fectum,
1124 1486 1233 1513 scilicet
1253 1486 1410 1514 excitando
1435 1489 1463 1514 et
1483 1488 1628 1522 juvando.
1658 1487 1752 1515 Tertio

977 1532 1070 1560 modo
1085 1534 1181 1568 potest
1196 1533 1320 1567 angelus
1340 1533 1478 1560 affectum
1502 1535 1636 1561 nostrum
1656 1534 1753 1561 iucen-

979 1578 1048 1606 dere
1062 1586 1116 1614 per
1127 1581 1253 1606 motum.
1271 1580 1308 1606 De
1321 1579 1367 1606 his
1379 1579 1525 1606 habemus
1541 1580 1711 1615 exemplum
1724 1579 1755 1607 in

978 1625 1106 1659 naturis;
1123 1625 1193 1660 quia
1204 1625 1301 1660 primo
1317 1625 1409 1653 modo
1425 1625 1502 1660 ignis
1515 1626 1647 1653 accendit
1663 1626 1754 1660 ligna,

978 1670 1109 1698 secundo
1125 1671 1218 1698 modo
1233 1670 1315 1705 ligna
1327 1671 1488 1699 incendunt
1502 1671 1612 1707 ignem,
1630 1674 1657 1700 et
1671 1671 1755 1700 tertio

979 1717 1088 1751 modo,
1105 1717 1156 1752 qui
1170 1716 1252 1752 ligna
1266 1716 1327 1752 igni
1343 1718 1480 1753 apponit,
1495 1718 1596 1753 ignem
1611 1717 1754 1745 accendit.

981 1763 1148 1791 Differentia
1163 1765 1262 1790 autem
1278 1765 1320 1790 est
1339 1763 1414 1791 inter
1432 1764 1587 1792 immittere
1607 1764 1757 1800 cogitatio·

980 1817 1061 1843 nem,
1077 1811 1104 1836 ct
1118 1809 1285 1843 incendere,
1300 1811 1327 1837 et
1341 1812 1472 1837 mentem
1486 1811 1653 1838 illuminare
1668 1820 1673 1837 :
1688 1809 1758 1846 quin

981 1855 1192 1890 cogitationem
1205 1855 1360 1883 immittere
1377 1858 1429 1890 cst,
1445 1858 1477 1883 ut
1491 1856 1561 1884 dicit
1576 1857 1665 1891 Beda,
1681 1857 1758 1884 intus

983 1910 1081 1930 creare
1092 1923 1100 1936 ,
1118 1904 1146 1929 et
1159 1902 1254 1929 tacere
1270 1902 1502 1936 cogitationem‚·
1527 1903 1579 1930 sed
1600 1902 1758 1930 incendere

982 1951 1024 1976 est
1039 1948 1249 1983 cogitationem
1267 1949 1331 1983 jam
1345 1949 1453 1977 factam
1469 1950 1674 1984 inssammare3
1694 1949 1759 1976 illu-

982 1995 1096 2022 minare
1115 2003 1188 2022 vero
1208 1996 1250 2022 est
1272 1995 1342 2022 dare
1366 1995 1578 2024 revelationem
1601 1996 1637 2023 de
1657 1995 1758 2030 aliquo

984 2041 1100 2069 occulto
1116 2040 1304 2076 intelligibili.

1246 2133 1388 2166 CAPUT
1411 2134 1502 2166 XIX.

1184 2204 1221 2230 De
1240 2203 1368 2231 locutione
1387 2204 1563 2239 Angelorum.

1022 2271 1151 2299 Verbum
1165 2271 1272 2307 triplex
1287 2273 1342 2305 est,
1358 2272 1484 2307 scilicet,
1502 2274 1625 2309 mentis,
1642 2271 1719 2310 eris,
1736 2278 1763 2303 et

988 2318 1094 2353 operis
1107 2318 1204 2345 Verbo
1224 2319 1329 2345 mentis
1350 2319 1482 2354 loquitur
1502 2321 1576 2347 Deus
1601 2322 1720 2357 angelo,
1736 2324 1764 2350 et

988 2371 1004 2391 e
1020 2372 1181 2398 converso,
1197 2364 1267 2392 item
1283 2366 1357 2392 Deus
1371 2366 1476 2393 animae
1487 2387 1496 2399 ,
1512 2368 1539 2393 et
1561 2375 1576 2395 e
1601 2375 1761 2402 converso,

987 2410 1057 2438 item
1073 2410 1211 2438 diabolus
1228 2412 1285 2438 Deo
1303 2420 1309 2438 z
1326 2412 1409 2446 cujus
1424 2414 1523 2440 tamen
1535 2413 1657 2441 intentio
1673 2415 1763 2448 Deum

988 2456 1078 2484 latere
1098 2464 1159 2484 non
1182 2458 1287 2492 potest.
1313 2457 1408 2485 Verbo
1435 2461 1533 2486 autem
1555 2459 1614 2486 oris
1633 2460 1765 2494 loquitur

989 2502 1079 2530 homo
1093 2503 1207 2531 homini
1221 2503 1253 2530 in
1268 2511 1394 2538 corpore
1407 2505 1489 2531 unito
1503 2505 1626 2539 animae3
1642 2505 1765 2539 angelus

990 2575 1008 2599 1,
1020 2570 1090 2594 20.—
1102 2571 1112 2587 Ἴ
1124 2570 1189 2600 Tela,
1199 2571 1328 2600 x11,1:‘1',—
1339 2569 1349 2585 ⁸
1361 2570 1424 2599 Am,
1437 2576 1485 2601 xii,
1498 2573 1553 2594 Ῑ.-
1565 2574 1574 2586 ⁸
1588 2573 1617 2594 iit
1632 2572 1699 2602 Ity„
1710 2577 1765 2601 xm,

990 2606 1050 2627 5.-
1067 2606 1160 2634 ¹⁰Tob.,
1176 2611 1200 2634 v,
1217 2607 1287 2629 -13.—
1306 2605 1421 2635 ''Jzstlic.,
1437 2612 1466 2635 ιι,
1482 2610 1541 2630 3.-
1559 2608 1653 2637 niba,
1670 2613 1725 2636 xiii,
1741 2608 1764 2630 3.

1022 2647 1055 2677 (a)
1072 2648 1132 2671 Cret.
1151 2647 1211 2670 edit.
1231 2647 1415 2670 manifestatur.
1433 2660 1462 2664 ——
1476 2648 1511 2678 (b)
1525 2651 1640 2678 possunt.
