2004 3037
208 274 293 310 Ilugo
308 295 317 308 ,
341 281 430 310 super
455 273 615 311 septimum
642 275 782 310 Anqelicoe
810 276 985 311 hierarchiae,

208 320 280 348 dicit
291 322 300 339 ¹
316 329 324 349 ι
342 330 355 347 α
372 321 480 349 Mentes
494 320 625 350 coelestes
639 321 702 350 sive
721 323 841 358 spiritus
854 323 985 352 rationa-

207 367 250 396 les
272 367 313 395 ad
341 367 483 397 interiora
503 367 611 396 mentis
644 368 815 404 cognitione
842 371 872 398 et
893 369 986 398 dilec-

207 413 287 441 tione
311 414 458 443 accedunt
471 436 480 450 ,
507 417 537 443 et
560 414 691 451 proximi
717 415 793 444 fiunt
819 408 986 445 secundum

207 459 485 490 excellentissimam
510 461 748 498 collocationem,
764 470 856 499 quam
873 462 986 491 hahent

203 507 289 543 juxta
299 509 407 544 Deum,
421 519 435 537 >›
453 509 506 537 ubi
521 512 564 538 est
577 509 769 539 intrinsecum
782 510 901 548 spiritus
915 519 984 539 nos-

206 554 259 590 tri,
271 556 305 583 ut
324 563 415 592 supra
435 556 548 584 dictum
562 559 613 585 est.
630 557 687 585 Sed
701 558 884 594 notandum,
901 558 985 595 quod

205 601 298 638 pedes
318 602 437 638 spiritus
459 603 552 631 nostri
575 606 694 640 oportet
718 612 781 633 esse
805 604 935 633 mundos
956 607 984 633 et

204 656 312 684 puros,
331 649 403 685 quia
421 649 496 677 nihil
513 649 702 687 inquinatum
717 651 839 680 intrabit
852 652 928 680 intra
941 659 984 680 se-

205 697 318 723 cretum
334 695 450 724 Domini
468 698 544 726 Jesn.
561 699 594 725 Et
607 705 676 726 cum
689 698 780 734 pedes
795 698 914 735 spiritus
926 698 983 726 hu—

204 742 287 770 mani
317 743 500 780 quandoque
536 746 658 780 tangant
689 747 799 773 terram
832 745 983 773 mediante

204 789 407 826 sensualitate,
420 792 448 818 ct
460 791 549 819 etiam
564 799 601 819 ne
616 791 714 828 pulvis
727 794 860 820 terrenus
872 792 914 820 eis
928 792 983 820 ad-

203 835 326 872 haercat,
342 836 411 865 ideo
424 837 558 873 indigent
572 837 719 874 frequenti
733 838 844 866 lotione
857 840 885 866 ct
898 845 984 866 mun-

204 882 324 911 datione
330 892 339 918 ;
353 885 385 912 ut
405 883 534 912 ostendit
548 884 703 920 Dominus,
721 884 844 921 quando
861 884 935 913 dixit
947 885 958 901 ²
973 894 980 912 :

206 929 259 962 Quz·
274 931 344 958 lotus
360 933 413 965 esc,
430 939 483 958 non
502 931 609 966 indiget
630 933 687 959 nisi
704 935 735 959 ut
748 932 830 968 pedes
845 933 914 959 lavet
928 941 935 959 :
951 931 982 959 id

203 978 260 1012 est,
277 976 329 1013 qui
345 977 407 1004 sine
421 979 542 1013 peccato
561 977 680 1006 mortali
705 980 765 1013 cst,
786 986 847 1006 non
869 978 983 1014 indiget

204 1023 306 1059 eapitis
320 1023 444 1052 lotione.
457 1024 546 1059 eujus
560 1024 636 1053 ratio
651 1027 708 1060 est,
726 1025 798 1061 quia
812 1027 901 1061 caput
914 1033 981 1053 nos-

203 1069 238 1097 tri
253 1069 372 1106 spiritus
387 1073 429 1098 est
445 1071 653 1107 intelligentia,
667 1080 734 1108 quae
748 1072 779 1100 in
790 1072 860 1100 viris
874 1072 982 1100 sanetis

202 1116 372 1145 immediate
388 1118 578 1153 conjungitur
594 1119 668 1153 Deo,
679 1120 711 1146 ut
726 1118 796 1146 dicit
810 1119 915 1147 beatus
925 1121 982 1147 Au-

202 1163 336 1198 gustinus
347 1165 357 1182 ³
368 1164 399 1192 in
413 1172 467 1192 suo
480 1164 557 1193 libro
570 1165 603 1192 de
616 1166 724 1200 Spiritu
738 1170 762 1193 et
779 1166 881 1193 Anima
892 1175 900 1192 :
913 1165 981 1193 idco

202 1209 313 1238 lotione
333 1219 395 1239 non
415 1211 539 1247 indiget.
555 1213 611 1240 Nec
627 1212 699 1240 tales
722 1212 855 1247 indigent
870 1212 981 1240 lotione

201 1265 346 1285 manuum
363 1279 371 1293 ,
397 1258 468 1294 quia
495 1266 588 1294 opera
615 1267 720 1286 eorum
747 1259 862 1287 munda
889 1261 956 1287 sunt
970 1280 980 1294 ,

204 1306 326 1340 propter
349 1305 529 1332 munditiam
551 1306 654 1342 capitis
676 1313 711 1333 ea
735 1305 766 1333 in
787 1307 880 1333 Deum
900 1306 981 1333 ordi-

202 1351 309 1386 nantis;
321 1351 374 1379 sed
388 1351 522 1388 indigent
535 1352 646 1380 lotione
662 1352 785 1389 pedum.
801 1353 890 1388 Cujus
905 1353 980 1381 ratio

202 1400 260 1432 est,
274 1399 440 1427 secundum
453 1399 647 1434 Angustinum
662 1400 672 1416 ¹*
685 1402 712 1427 ct
726 1399 894 1435 Origenem,
909 1400 981 1436 quia

203 1444 384 1481 impossibile
407 1449 449 1473 est
472 1445 626 1474 hominem
651 1446 814 1482 aliquando
835 1454 896 1474 non
911 1455 980 1483 pec-

202 1500 268 1519 care
285 1492 453 1527 venialiter,
469 1495 497 1521 et
511 1501 572 1521 non
593 1493 705 1521 habere
721 1493 853 1529 aliquam
869 1493 980 1522 inordi-

201 1539 353 1568 nationem
377 1540 407 1568 in
431 1548 485 1568 sua
508 1541 696 1568 sensualitate
712 1562 722 1575 ,
745 1543 867 1577 propter
886 1541 980 1568 conti—

200 1593 293 1613 nuam
308 1587 562 1615 conversationem
578 1587 608 1614 in
624 1587 720 1621 terris,
736 1595 772 1615 ex
788 1596 848 1623 qua
863 1590 979 1616 eontra-

200 1631 279 1660 hitur
300 1632 403 1668 aliqua
422 1633 542 1661 macula
565 1633 742 1669 impuritatis
764 1634 793 1661 iu
809 1634 914 1662 ass'ectu
926 1655 935 1669 ‚
952 1637 980 1663 et

201 1686 238 1706 ex
260 1679 319 1707 hoc
340 1687 416 1715 ruga
440 1680 625 1708 obscuritatis
653 1680 683 1707 in
708 1679 868 1708 intellectu.
899 1681 979 1709 [nde

201 1725 341 1760 Origenes
368 1726 438 1754 dicit
461 1735 502 1753 :a
526 1728 586 1761 Ego
616 1727 801 1762 impossibile
820 1730 892 1762 puto
917 1736 979 1756 non

202 1773 397 1802 contaminari
420 1776 552 1801 extrema
575 1773 696 1808 animae,
720 1776 748 1801 et
772 1773 874 1802 intima
897 1775 978 1809 cjuS,

201 1829 375 1857 quanquam
395 1820 461 1856 quis
481 1819 626 1855 perfectus
649 1820 753 1855 quoad
775 1820 912 1849 homines
933 1830 978 1849 rc-

201 1870 330 1903 putetur.
346 1867 442 1895 »Ideo
458 1866 601 1894 carissimi
615 1866 751 1902 discipuli
767 1867 883 1895 Domini
899 1871 977 1903 sunt,

200 1915 253 1950 qui
267 1914 365 1942 solum
379 1914 492 1950 pedum
513 1913 647 1949 indigent
666 1913 789 1942 lotione.
808 1915 865 1942 llos
886 1915 978 1950 pedes

199 1961 277 1989 hene
290 1960 368 1989 lotos
389 1961 485 1988 timuit
507 1960 694 1996 coinquinari
714 1969 838 1996 sponsa,
855 1962 978 1997 quando

201 2008 275 2035 dixit
288 2008 299 2025 ¹⁵
315 2017 322 2035 :
338 2009 406 2035 Lavi
418 2008 498 2043 pedes
513 2015 600 2042 meos,
613 2007 715 2035 Glossa
731 2017 738 2035 ι
752 2018 765 2033 «
780 2008 811 2036 ld
825 2011 881 2044 est,
898 2009 978 2044 cogi-

199 2055 325 2083 tationes
347 2063 445 2088 meas,
470 2053 579 2090 quibus
600 2054 764 2090 aliquando
785 2057 893 2084 terram
917 2059 978 2084 tan-

201 2110 269 2136 gere
284 2101 437 2136 solebam,
454 2108 529 2137 quos
547 2101 664 2128 secretis
684 2101 801 2129 fletibus
817 2111 978 2138 compunc-

200 2148 287 2176 tionis
312 2148 455 2182 ablui‚ut
478 2148 586 2175 intrare
611 2156 726 2176 merear
748 2149 896 2176 coelcstem
925 2158 977 2185 pa-

201 2195 297 2222 triam.
312 2205 324 2221 i>
343 2194 478 2227 Quomodo
494 2203 554 2229 erqo
570 2196 670 2221 ilerum
693 2196 872 2230 coinquinato
892 2198 952 2224 illos
964 2199 977 2224 ?

201 2241 390 2269 vercellensis
415 2241 485 2268 dicit
510 2250 516 2268 :
544 2252 557 2265 ιι
586 2241 744 2274 Quomodo
773 2243 976 2278 coinquinabo

200 2288 268 2316 illos
279 2288 385 2315 iterum
393 2287 506 2315 umbris
521 2290 548 2315 et
563 2288 743 2322 imaginibus
754 2290 976 2326 temporalium,

201 2343 270 2363 cum
284 2335 373 2362 etiam
396 2334 606 2362 intellectuales
630 2336 818 2370 operationes
833 2339 860 2363 ct
874 2337 977 2366 sormae

201 2382 232 2410 in
245 2381 302 2410 hoe
316 2381 398 2415 loco,
414 2381 445 2408 in
464 2381 742 2417 superintellectuali
761 2383 918 2419 exercitio,
933 2393 977 2413 re—

200 2431 340 2465 putentur
353 2428 478 2457 maculae
492 2431 520 2456 et
533 2427 734 2457 offendicula?
747 2440 760 2456 »
778 2430 844 2458 Haec
860 2430 921 2459 ille.

238 2526 650 2558 ¹ld.,snp.scpt.capAaqel.
679 2527 759 2558 lifou,
783 2527 978 2560 1i1›.v11‚110st

202 2563 268 2586 med.
279 2576 309 2580 -—
322 2563 329 2576 ²
342 2563 423 2589 Joaz.
439 2568 496 2593 sni,
512 2564 548 2585 10.
559 2574 590 2578 —
605 2562 615 2578 ³
632 2563 684 2585 lino
697 2564 795 2593 auctor,
811 2563 924 2594 quisquis
936 2565 976 2588 ille

200 2599 241 2627 sit
256 2599 299 2622 lib.
316 2599 352 2622 De
367 2599 436 2630 Spin
455 2600 478 2622 et
495 2598 591 2628 Amm„
606 2605 627 2622 e.
647 2604 682 2622 xi.
694 2611 724 2616 —-
739 2600 746 2612 ⁴
762 2601 826 2629 Aug.
821 2617 837 2630 .‚
854 2607 879 2623 ιιι
895 2601 976 2631 Δυιιιι.,

201 2636 271 2658 tract.
294 2639 334 2658 ιη
360 2637 385 2658 et
405 2641 458 2665 seq
475 2647 504 2652 —
526 2634 537 2650 ὓ
560 2634 689 2665 Ca11e,x‚
713 2636 785 2659 3.—
806 2637 815 2649 “’
838 2634 925 2666 Dion„
947 2636 976 2660 ‹le

200 2669 288 2699 Anyel.
307 2670 387 2699 Hieta,
402 2677 424 2694 c.
439 2675 481 2700 xv,
497 2671 556 2693 unte
570 2669 638 2693 med.
655 2683 681 2687 -
701 2670 711 2687 '¹
726 2670 794 2694 Psal.
812 2676 875 2701 xvii,
891 2673 930 2695 3⁴.
947 2685 976 2690 -

618 202 668 239 DE
688 206 848 240 SEPTEM
869 200 1096 242 lTINERlBUS
1117 200 1408 255 AETERNITATIS.

1039 372 1119 405 sunt,
1133 334 1243 408 quibus
1256 371 1374 408 spiritus
1387 373 1488 400 noster
1504 371 1668 408 impeditur
1682 374 1712 402 et
1735 404 1737 406 ,

1040 417 1128 446 datur
1142 418 1180 447 ab
1195 417 1330 454 ingressu
1352 418 1431 446 illius
1451 418 1600 447 intrinseci
1613 419 1728 454 secreti,
1749 419 1757 427 ‘

1040 467 1157 500 oportet
1171 467 1204 493 ut
1217 465 1333 501 spiritus
1345 467 1447 493 noster
1459 472 1521 493 non
1535 464 1634 493 solum
1647 464 1757 495 habeat
1779 462 1820 496 ‘e-

1039 510 1094 539 des
1107 512 1147 540 ab
1161 511 1358 540 immunditiis
1377 511 1471 547 lotos,
1485 511 1540 540 sed
1554 512 1644 541 etiam
1657 511 1698 540 ad
1807 528 1821 534 -

1038 556 1164 587 landum
1187 559 1371 595 exercitatos,
1387 561 1416 587 et
1433 559 1563 595 agilitate
1586 559 1715 588 veloces.
1736 559 1820 589 Unde

1038 606 1195 644 Dionysius
1217 606 1330 642 dicit⁰‚
1355 607 1440 644 quod
1464 617 1480 634 α
1499 607 1592 644 pedes
1615 607 1647 636 in
1670 608 1820 645 Scriptura

1038 654 1206 690 significant
1219 655 1358 683 virtutem
1378 655 1538 690 motivam,
1559 657 1643 683 acute
1661 657 1819 692 penetran-

1037 703 1112 736 tem,
1129 704 1157 730 et
1169 701 1320 738 velocem,
1339 701 1373 730 id
1386 703 1449 737 est,
1468 709 1586 738 semper
1603 701 1774 731 tendentem
1788 701 1820 734 in

1038 747 1150 776 divina.
1170 757 1185 780 ι)
1210 749 1244 776 Et
1264 747 1416 784 sequitur:
1442 758 1457 775 <t
1475 749 1594 785 Propter
1617 748 1702 785 quod
1724 748 1820 778 alatos

1037 794 1200 830 Theologia
1219 794 1360 830 figuravit
1380 794 1474 831 pedes
1495 797 1666 834 sanctorum
1686 795 1818 824 intellec—

1039 843 1134 875 tuum,
1155 840 1239 878 quod
1256 840 1404 877 significat
1423 840 1609 870 reductivam
1619 841 1817 878 velocitatem,

1037 890 1066 916 et
1080 887 1215 924 supernis
1229 887 1416 923 invectivam,
1433 887 1472 916 ab
1483 887 1566 916 omni
1580 888 1708 917 terrestri
1722 888 1819 926 depri-

1037 937 1177 963 mentem.
1190 945 1205 962 »
1221 935 1286 963 tloec
1301 934 1468 971 Dionysius.
1478 936 1591 964 Horum
1606 935 1722 972 pedum
1736 935 1819 965 velo-

1037 989 1102 1009 cem
1125 981 1288 1018 agilitatem
1314 981 1420 1010 habuit
1440 981 1588 1018 propheta
1614 982 1726 1018 David,
1749 990 1818 1012 cum

1037 1028 1113 1056 dixit
1125 1030 1136 1046 ⁷
1154 1038 1160 1056 :
1177 1029 1232 1062 Qui
1251 1030 1365 1065 perfecit
1379 1029 1459 1064 pedes
1479 1037 1549 1057 meos
1567 1031 1647 1065 qnasi
1669 1038 1816 1059 cer-corum.

1036 1075 1122 1109 Quod
1146 1076 1305 1111 Gregorius
1329 1084 1499 1112 exponens,
1523 1075 1594 1104 dicit
1607 1076 1618 1093 ⁸
1634 1085 1641 1104 :
1660 1087 1674 1103 u
1688 1077 1816 1112 CervuS,

1037 1131 1105 1150 cum
1114 1123 1187 1158 juga
1202 1123 1349 1151 montium
1364 1122 1513 1158 ascendit,
1528 1131 1655 1160 quaeque
1670 1131 1776 1160 aspera
1789 1126 1818 1152 et

1036 1169 1153 1204 objecta
1173 1169 1398 1204 transgreditur,
1419 1168 1515 1198 donec
1529 1169 1569 1198 ad
1591 1169 1746 1206 superiora
1761 1169 1817 1199 ele—

1035 1219 1136 1250 vetur3
1152 1224 1214 1244 non
1229 1216 1328 1244 solum
1350 1214 1450 1251 currit,
1471 1215 1525 1244 sed
1547 1216 1637 1245 etiam
1651 1216 1736 1245 saltat
1753 1226 1760 1245 ι
1775 1217 1817 1246 ita

1036 1263 1124 1292 etiam
1139 1263 1302 1292 electorum
1316 1265 1440 1298 mentes,
1451 1271 1647 1300 quaecumque
1657 1263 1713 1291 sibi
1727 1263 1817 1293 obvia

1036 1311 1210 1347 respiciunt,
1226 1310 1484 1347 contemplationis
1497 1310 1574 1338 saltu
1594 1311 1816 1346 transcendunt,

1037 1357 1134 1386 donec
1146 1366 1176 1385 se
1191 1356 1230 1385 ad
1246 1365 1375 1393 superna
1391 1356 1528 1385 evehunt.
1545 1367 1559 1383 ι)

1071 1405 1167 1433 Tertio
1188 1404 1366 1439 notandum,
1388 1403 1471 1440 quod
1486 1406 1601 1441 oportet
1621 1404 1705 1441 quod
1724 1404 1817 1441 pedes

1035 1451 1154 1487 spiritus
1168 1451 1261 1479 nostri
1275 1459 1337 1479 non
1357 1451 1456 1479 solum
1471 1450 1510 1479 ad
1525 1450 1744 1479 ambulandum
1759 1451 1818 1479 sint

1036 1498 1181 1534 expediti,
1197 1498 1249 1526 scd
1273 1498 1362 1526 etiam
1382 1506 1436 1534 per
1457 1506 1591 1526 amorem
1605 1498 1645 1526 ad
1660 1500 1816 1534 penetran-

1035 1545 1109 1573 dum
1124 1545 1212 1579 acuti,
1235 1547 1266 1573 ut
1289 1545 1408 1581 spiritus
1422 1547 1555 1581 potenter
1573 1545 1674 1574 omnia
1693 1545 1814 1573 transire

1034 1592 1138 1628 possit,
1154 1592 1254 1620 dicens
1265 1600 1331 1620 eum
1343 1592 1513 1620 Psaliuista⁹
1525 1601 1532 1619 :
1549 1593 1582 1620 In
1593 1593 1646 1619 Deo
1661 1599 1716 1619 meo
1728 1595 1815 1620 trans-

1034 1639 1144 1674 qreztz‘ar
1158 1647 1273 1666 murum.
1298 1638 1385 1673 Quod
1405 1638 1562 1674 Gregorius
1577 1645 1744 1674 exponens,
1760 1637 1815 1666 ubi

1035 1694 1134 1722 supra,
1151 1686 1222 1714 dicit
1234 1696 1240 1714 :
1252 1697 1265 1712 (ι
1279 1688 1376 1715 Murus
1391 1689 1433 1714 est
1447 1694 1536 1714 omne
1554 1685 1637 1722 quod
1650 1685 1747 1713 itineri
1761 1693 1814 1713 no-

1034 1735 1095 1760 stro
1110 1733 1258 1768 objicitur,
1270 1740 1339 1760 cum
1351 1732 1390 1760 ad
1402 1732 1692 1760 dilectumtransitur
1703 1741 1710 1759 :
1723 1740 1814 1768 quem

1033 1780 1284 1815 transgredimur,
1300 1788 1385 1814 enm,
1408 1787 1468 1815 prae
1484 1786 1586 1807 amore
1607 1787 1741 1815 supernae
1762 1787 1813 1815 pa-

1034 1826 1105 1860 triae,
1121 1825 1221 1853 omnia
1245 1825 1332 1861 hujus
1352 1825 1456 1853 mundi
1483 1826 1599 1861 objecta
1622 1825 1780 1854 caleamus.
1797 1836 1810 1852 »

1034 1874 1098 1901 llaee
1112 1872 1172 1900 ille.
1195 1874 1228 1901 Et
1250 1873 1324 1901 sieut
1345 1872 1415 1900 dicit
1435 1873 1614 1908 Augustinus
1624 1873 1646 1890 ¹⁰
1662 1882 1669 1900 :
1688 1874 1759 1901 «tre
1773 1872 1814 1901 ad

1035 1922 1126 1948 Deum
1142 1922 1223 1948 tanto
1238 1920 1326 1948 nobis
1345 1919 1451 1948 melius
1470 1922 1522 1955 est,
1540 1922 1652 1956 quanto
1665 1920 1759 1956 magis
1774 1920 1814 1949 ad

1033 1966 1119 1994 illum
1134 1967 1222 2002 imus,
1246 1975 1307 2002 quo
1327 1966 1401 1994 nihil
1426 1966 1531 1994 melius
1547 1969 1599 1994 est.
1616 1968 1693 1994 lmus
1714 1970 1814 1995 autem

1034 2021 1095 2041 non
1105 2013 1300 2047 ambulando,
1311 2013 1364 2041 sed
1377 2014 1517 2041 amando.
1527 2014 1619 2047 Quem
1630 2016 1710 2042 tanto
1722 2013 1813 2042 habe-

1034 2060 1133 2088 bimus
1157 2062 1388 2096 praesentiorem,
1409 2064 1521 2097 quanto
1541 2069 1685 2096 amorem,
1707 2070 1768 2098 quo
1783 2061 1814 2090 in

1034 2115 1103 2135 eum
1119 2107 1277 2143 tendimus,
1294 2107 1470 2136 habebimus
1483 2108 1644 2143 puriorem.
1655 2118 1668 2134 n
1679 2109 1745 2136 llaec
1758 2112 1814 2137 Au-

1033 2156 1174 2190 gustinus.
1190 2157 1308 2183 Gressus
1323 2163 1394 2190 crgo
1410 2155 1566 2190 mentales,
1584 2158 1612 2183 et
1626 2155 1717 2191 pedes
1730 2156 1813 2192 spiri-

1034 2203 1090 2236 tus,
1103 2210 1164 2230 non
1179 2204 1246 2229 sunt
1258 2202 1439 2238 corporales,
1450 2202 1502 2229 sed
1514 2202 1687 2238 spirituales.
1699 2204 1731 2230 Et
1743 2202 1811 2231 ideo

1033 2249 1190 2283 Gregorius
1207 2249 1277 2276 dicit
1295 2249 1314 2266 ¹¹
1331 2258 1338 2276 :
1358 2259 1372 2274 «
1386 2248 1430 2276 Ad
1445 2257 1475 2276 sc
1490 2249 1601 2285 quippe
1616 2249 1715 2277 venire
1737 2257 1811 2285 prae-

1034 2295 1103 2331 cipit
1126 2296 1210 2329 Deus,
1232 2303 1292 2322 non
1307 2296 1455 2330 gressibus
1470 2296 1615 2331 eorporis,
1638 2296 1690 2323 sed
1712 2295 1811 2331 profe—

1034 2342 1129 2369 ctibus
1154 2342 1264 2370 amoris
1286 2344 1314 2370 et
1337 2342 1471 2378 spiritus,
1488 2342 1608 2370 veritate
1629 2341 1744 2369 dicente
1760 2341 1780 2357 ¹²
1801 2351 1808 2369 z

1038 2389 1132 2416 Venite
1151 2389 1188 2416 ad
1203 2397 1242 2416 me
1257 2397 1355 2421 ovines,
1371 2390 1420 2424 qui
1436 2390 1575 2416 laboratis.
1591 2398 1604 2415 n
1627 2390 1658 2416 Et
1678 2387 1810 2423 Augusti—

1034 2444 1090 2463 nus
1105 2435 1125 2453 ¹³
1142 2444 1149 2462 :
1169 2446 1183 2461 ιι
1195 2436 1250 2464 lter
1266 2438 1350 2464 tuum
1369 2435 1506 2464 voluntas
1528 2437 1579 2464 tua
1601 2437 1652 2463 est.
1675 2434 1810 2463 Amando

1033 2532 1043 2548 ⁸
1058 2532 1134 2562 Greg.
1129 2549 1146 2561 .‚
1162 2530 1263 2561 Aioi-al„
1280 2531 1322 2555 lib.
1339 2532 1428 2562 xxvi,
1444 2539 1466 2555 c.
1484 2538 1544 2555 1.-
1556 2532 1564 2545 ³
1576 2530 1722 2560 Ρεα1.>;νιι,
1733 2531 1811 2554 30.—

1035 2568 1054 2583 0
1071 2568 1146 2597 Aug„
1167 2566 1201 2590 ad
1221 2567 1326 2591 Maced..
1350 2567 1424 2598 epist.
1446 2573 1495 2595 Lu,
1519 2567 1550 2590 at.
1580 2572 1645 2595 cnr,
1671 2572 1698 2590 n.
1724 2567 1759 2590 13.
1781 2579 1811 2584 -

1036 2603 1052 2618 '¹
1076 2603 1163 2633 theg„
1194 2603 1297 2633 Moml„
1321 2603 1365 2626 lib.
1397 2603 1463 2633 xxi,
1491 2609 1513 2626 c.
1544 2608 1578 2632 iv,
1603 2604 1661 2626 aute
1689 2601 1756 2625 nied.
1780 2614 1811 2619 -

1035 2638 1053 2653 ¹²
1067 2637 1158 2661 Manli.
1162 2643 1225 2668 ,κῃ
1242 2639 1279 2662 28.
1300 2652 1328 2657 --
1351 2639 1370 2655 ¹³
1384 2641 1458 2670 augi,
1475 2639 1500 2662 in
1515 2637 1583 2662 Psal.
1601 2643 1696 2667 mxxv,
1712 2637 1810 2667 Eum-n,

1033 2680 1060 2697 n.
1072 2674 1096 2699 ti.
