2004 3037
840 261 927 294 CAP.
952 259 1196 294 cxxx-cxxxi.

211 330 358 368 paritura,
374 338 443 360 cum
454 330 554 367 primo
571 329 624 359 illa
641 329 751 359 risisset
768 337 830 366 prae
851 329 991 358 diffiden-

212 378 263 414 tia,
279 377 402 415 negavit
415 379 520 415 postea
533 385 564 406 se
578 377 687 406 risisse.
702 378 781 412 Gen„
794 385 877 406 xviii.

248 427 375 454 Cernens
395 425 521 461 Rachel,
543 425 628 462 quod
648 424 820 454 infoecunda
840 426 931 460 esset,
952 423 992 452 ait

212 473 277 502 viro
290 481 345 502 suo
357 482 364 501 :
377 482 393 500 ι(
405 473 445 501 Da
455 471 530 500 mihi
543 472 667 507 liberos,
683 471 818 508 alioquin
832 472 961 500 moriar:
974 481 989 499 n

213 520 299 557 quasi
322 522 398 549 esset
416 519 448 548 in
465 519 558 556 ipsius
576 519 666 548 Jacob
686 520 830 556 potestate
849 519 886 548 de
902 518 993 548 sterili

212 566 384 595 foecundam
397 566 505 595 facere.
523 566 600 600 Gen„
616 574 687 602 xxx,
704 568 730 595 1.

249 615 327 643 Uxor
352 613 516 648 samsonis,
539 613 637 642 statim
662 615 694 641 ut
721 613 805 641 scivit
834 613 993 642 obscuram

213 661 449 699 propositionem
461 660 518 689 viri
534 661 590 695 sui,
603 659 746 689 indicavit
760 659 875 689 civibus
889 660 950 689 suis
963 660 994 688 in

214 708 359 738 damnum
375 707 482 736 mariti.
498 708 603 740 Judz'c„
617 715 675 736 xlv.

249 756 324 784 Cum
339 754 460 783 vidisset
478 753 587 788 Dalila,
603 753 687 790 quod
702 755 827 783 Samson
842 752 994 782 confessus

213 803 289 831 esset
304 801 331 830 ei
346 809 468 830 omnem
483 801 617 830 animum
632 809 731 836 suum,
746 800 902 837 quomodo
918 800 994 829 scili-

214 851 260 878 cet
272 848 474 877 fortitudinem
488 856 575 876 suam
588 848 721 877 amittere
733 850 842 884 posset,
856 847 994 876 inimicos

213 897 293 926 illius
303 896 430 932 vocavit,
443 898 471 924 et
485 896 583 924 statim
595 896 636 924 eis
651 895 804 924 revelavit.
819 896 924 928 Jucltc„
946 903 991 923 xv.

249 944 323 978 Quia
338 943 432 972 David
449 952 505 981 pro
526 951 637 979 magna
659 943 817 971 devotione
837 942 995 971 saltaverat

214 999 316 1020 coram
337 999 407 1019 arca
427 989 560 1025 Domini,
584 989 691 1020 MIchol
707 989 770 1018 filia
789 989 858 1018 Saul
881 989 994 1017 ironice

213 1039 289 1068 dixit
315 1038 343 1066 ei
369 1046 377 1066 ε
403 1046 417 1064 α
441 1038 538 1071 Quam
566 1036 714 1072 gloriosus
741 1036 797 1065 fuit
823 1036 915 1065 hodie
942 1044 995 1065 rex

212 1085 316 1115 lsrael!
331 1095 346 1112 »
364 1086 418 1112 etc.
435 1085 457 1112 11
471 1085 548 1119 Κεφ,
564 1092 603 1120 vl,
620 1085 666 1112 20,

249 1135 323 1161 Cum
345 1131 466 1160 dixisset
486 1131 592 1160 Tobias
613 1131 650 1159 de
674 1129 765 1159 hoedo
782 1140 788 1159 :
807 1130 937 1159 «Videte
957 1138 995 1158 ne

212 1179 337 1208 furtivus
358 1179 409 1214 sit,
430 1188 443 1206 »
461 1180 530 1214 etc„
552 1180 637 1207 Anna
658 1186 735 1206 uxor
755 1178 820 1213 ejus
840 1177 916 1206 irata
936 1185 996 1205 res-

213 1226 321 1263 pondit
340 1235 348 1255 ε
369 1235 385 1253 α
404 1225 552 1255 Manifesta
575 1233 653 1254 vana
675 1227 718 1254 est
735 1233 803 1261 spes
823 1226 888 1260 tua,
907 1234 921 1252 »
939 1226 992 1253 etc.

216 1275 292 1309 Tob„
306 1282 338 1310 11,
353 1275 446 1301 21-2-2.

249 1322 331 1357 Sara,
346 1321 409 1349 filia
422 1320 551 1356 Raguel,
565 1320 737 1356 increpante
753 1318 892 1347 ancillam
905 1320 995 1355 juste,

213 1369 266 1398 illa
279 1369 468 1405 impatienter
489 1370 517 1397 et
536 1368 678 1404 injuriose
698 1367 854 1404 respondit
871 1376 878 1395 ε
897 1377 911 1393 α
925 1368 994 1395 Am-

213 1416 294 1453 plius
307 1424 345 1444 ex
358 1417 387 1444 te
401 1423 463 1443 non
475 1415 633 1443 videamus
649 1414 746 1442 filium
762 1416 814 1443 aut
831 1413 926 1442 filiam
943 1421 994 1441 su-

213 1471 267 1499 per
282 1465 401 1498 terram,
415 1473 430 1490 n
449 1464 503 1490 etc.
520 1462 596 1495 Tob„
613 1469 655 1496 ιιι,
670 1463 698 1490 9.

250 1510 323 1538 Cum
336 1510 549 1538 contenderent
561 1517 663 1537 coram
674 1507 833 1536 Salomone
849 1508 914 1536 duae
929 1515 994 1535 mu-

213 1557 300 1586 lieres
318 1557 503 1592 meretrices,
523 1556 575 1584 illa
595 1555 681 1584 stulte
701 1557 729 1583 et
745 1555 882 1591 nequiter
895 1554 995 1584 locuta

213 1606 266 1640 est,
282 1613 349 1640 quae
364 1604 437 1632 dixit
452 1604 489 1632 de
504 1603 614 1631 infante
631 1612 638 1631 :
658 1613 672 1629 a
686 1603 744 1631 Nec
758 1603 843 1637 mihi,
858 1610 913 1631 nec
928 1601 994 1637 tibi,

213 1650 268 1679 sed
283 1651 443 1679 dividatur.
459 1661 473 1678 »
489 1651 524 1679 lll
540 1652 618 1686 Rea„
632 1658 675 1685 111,
690 1651 736 1678 26.

250 1699 328 1727 Uxor
341 1700 446 1733 Aman,
461 1697 587 1726 audiens
603 1696 834 1733 querimoniam,
845 1704 937 1733 quam
948 1696 996 1725 vir

214 1745 342 1775 faciebat
360 1745 398 1773 de
419 1744 619 1779 Mardochaeo,
635 1743 810 1780 respondit:
828 1753 842 1770 u
856 1743 929 1772 Jube
943 1751 996 1779 pa-

213 1793 274 1822 rari
293 1792 442 1821 excelsam
459 1792 591 1828 trabem,
612 1793 641 1820 et
659 1791 848 1828 appendatur
867 1790 897 1819 in
920 1799 992 1820 ea.»

214 1840 302 1872 Esth..
320 1847 348 1875 v,
363 1841 407 1868 14.

250 1887 374 1916 sedente
400 1886 456 1915 Job
485 1886 516 1914 in
539 1884 736 1922 sterquilinio,
758 1886 786 1913 et
806 1884 921 1913 saniem
945 1884 995 1912 de-

212 1934 356 1962 fluentem
380 1934 454 1961 testa
477 1932 617 1966 radente,
644 1932 718 1960 dixit
741 1931 767 1959 ei
791 1939 867 1959 uxor
895 1931 959 1967 ejus
984 1940 991 1959 :

216 1992 230 2006 (ι
244 1980 371 2009 Benedic
395 1981 465 2015 Deo,
487 1980 516 2007 et
536 1986 694 2007 morere.»
714 1977 772 2006 Sed
793 1977 843 2005 ille
865 1977 945 2006 bene
967 1979 995 2006 et

213 2027 336 2056 discrete
350 2026 504 2063 respondit
521 2034 528 2054 :
549 2035 562 2051 ι(
576 2025 665 2060 Quasi
684 2032 744 2053 una
764 2023 801 2052 de
820 2024 913 2052 stultis
928 2032 995 2053 mu-

212 2074 335 2103 lieribus
350 2074 450 2102 locuta
464 2081 504 2102 es.
521 2083 536 2100 »
550 2073 610 2107 Job,
625 2080 657 2107 11,
673 2073 751 2100 9-10.

249 2121 350 2150 Petitio
372 2121 474 2150 matris
498 2120 630 2148 filiorum
652 2118 788 2148 Zebedaei
813 2126 875 2147 non
897 2118 953 2146 fuit
976 2126 995 2147 a

212 2169 338 2198 Domino
362 2168 545 2205 approbata,
569 2167 693 2203 quando
715 2166 790 2194 dixit
815 2175 822 2194 :
851 2176 864 2193 α
888 2165 937 2193 Dic
963 2167 995 2193 ut

211 2216 335 2245 sedeant
348 2215 379 2244 hi
395 2215 456 2244 duo
472 2214 526 2243 filii
540 2214 610 2249 mei,
624 2223 638 2240 »
652 2214 707 2241 etc.
720 2213 833 2248 Matth„
849 2221 896 2247 xx,
910 2213 956 2240 21.

247 2263 337 2292 Multa
354 2263 448 2291 verba
467 2261 555 2290 rudia
571 2263 598 2290 et
612 2260 760 2297 simplicia
779 2260 853 2288 dixit
868 2259 993 2289 Domino

212 2311 320 2339 mulier
346 2310 544 2344 Samaritana,
570 2309 731 2345 antequam
754 2307 934 2343 impingeret
958 2306 990 2335 in

212 2358 375 2388 veritatem.
389 2358 481 2392 Joan„
496 2364 535 2386 ιν.

451 2452 594 2487 CAPUT
619 2452 753 2486 CXXX.

363 2528 401 2554 De
419 2526 561 2553 mulierum
582 2527 681 2552 ornatu
699 2525 840 2560 superfluo.

250 2598 376 2626 Thamar
390 2604 482 2625 nurus
495 2597 508 2623 J
513 2595 578 2623 udae
592 2594 644 2622 filii
664 2594 773 2628 Jacob,
794 2593 898 2621 volens
914 2599 995 2620 soce-

213 2653 281 2673 rum
299 2644 436 2679 allicere,
460 2644 492 2670 ut
515 2651 551 2670 cx
571 2641 622 2669 illo
647 2642 829 2678 conciperet,
852 2638 994 2675 depositis

214 2692 365 2720 viduitatis
378 2691 520 2724 vestibuS,
536 2689 652 2718 ornavit
665 2697 706 2724 se,
722 2691 750 2717 et
762 2686 920 2722 assumpsit
935 2685 995 2713 the-

214 2739 344 2767 ristrum.
362 2738 439 2773 Gen„
452 2745 572 2772 xxxvia,
588 2738 630 2764 ¹4.

1769 267 1828 298 637

1084 328 1191 358 Audito
1213 328 1344 357 adventu
1364 329 1456 365 Jehu,
1477 329 1530 366 qui
1556 330 1707 360 occiderat
1729 333 1830 362 loram

1047 384 1148 412 regem
1164 376 1268 411 lsrael,
1282 376 1400 405 lezabel
1419 377 1555 414 depinxit
1573 379 1678 408 oculos
1693 387 1763 409 suos
1781 380 1830 410 sti-

1047 423 1110 456 bio,
1128 425 1154 451 et
1170 423 1286 452 ornavit
1301 426 1390 461 caput
1403 433 1501 453 suum.
1518 427 1552 454 lv
1562 427 1639 462 Req„
1655 435 1694 463 ιιι,
1711 429 1756 457 30.

1083 471 1213 498 Testatur
1240 470 1357 507 Judilh,
1383 472 1468 508 quod
1493 476 1668 503 ornamenta
1692 483 1759 511 quae
1783 483 1830 503 as-

1048 517 1184 553 sumpsit,
1201 517 1382 553 deceperunt
1396 519 1617 555 Holophernem
1627 542 1635 555 ,
1647 521 1756 556 Judz‘th,
1769 530 1829 557 xvi,

1049 565 1148 591 9-102«
1160 564 1258 592 Induit
1270 573 1300 592 se
1312 565 1486 594 vestimento
1499 566 1614 601 laetitiae,
1629 568 1713 596 unxit
1724 568 1831 597 faciem

1048 617 1134 638 suam
1148 614 1311 646 unguento,
1325 612 1476 648 colligavit
1490 613 1642 643 cincinnos
1657 623 1727 644 suos
1741 615 1830 645 mitra

1049 657 1089 685 ad
1107 657 1318 694 decipiendum
1332 659 1434 695 illum,
1449 671 1462 687 n
1478 663 1531 689 etc.

1086 706 1124 733 De
1146 705 1247 734 Esther
1263 706 1383 742 legitur,
1405 708 1489 744 quod
1513 709 1639 745 quando
1664 710 1768 739 debuit
1791 710 1832 738 ad

1049 760 1150 788 regem
1166 752 1294 789 intrare,
1314 764 1328 780 «
1346 762 1408 783 non
1428 756 1563 792 quaesivit
1576 756 1754 785 muliebrem
1770 757 1832 786 cul-

1050 801 1125 834 tum,
1142 799 1216 828 sicut
1230 800 1343 829 faciunt
1358 801 1424 830 aliae
1438 803 1588 831 mulieres.
1602 813 1616 831 »
1632 805 1724 838 Esth„
1740 812 1771 840 ιι,
1783 807 1830 833 15.

1086 848 1304 877 Comminando
1324 849 1442 885 dicitur,
1461 852 1530 884 Isa„
1547 859 1597 885 111,
1617 852 1722 880 18-20:
1741 863 1755 880 «
1775 855 1833 881 Au-

1049 893 1123 922 feret
1142 895 1285 923 Dominus
1306 899 1517 925 ornamentum
1545 898 1832 934 calceamentorum,

1050 942 1079 969 et
1092 940 1227 977 lunulas,
1243 945 1270 970 et
1289 945 1426 980 torques,
1445 947 1473 973 et
1488 945 1628 980 monilia,
1644 948 1672 975 et
1689 947 1832 983 armillas,

1051 990 1078 1017 et
1098 988 1215 1023 mitras,
1230 991 1259 1018 et
1274 989 1503 1028 discriminalia,
1524 1003 1537 1018 n
1553 995 1580 1022 et
1593 993 1689 1022 multa
1703 993 1762 1023 alia
1776 1003 1833 1032 po-

1050 1038 1162 1064 nuntur
1177 1036 1229 1064 ibi.

1086 1083 1361 1118 Reprehensibilem
1375 1085 1511 1115 habitum
1521 1086 1608 1115 malae
1622 1087 1755 1115 mulieris
1768 1087 1833 1116 des-

1051 1129 1137 1157 cribit
1159 1130 1315 1166 Salomon,
1336 1133 1427 1166 Prov.,
1449 1141 1510 1168 vn,
1537 1136 1563 1169 7,
1587 1135 1637 1169 10,
1661 1136 1689 1162 ll
1710 1136 1832 1163 :acon-

1050 1176 1149 1205 sidero
1163 1178 1325 1206 vecordem
1345 1179 1486 1214 juvenem
1495 1202 1505 1216 ,
1515 1196 1550 1201 —
1560 1182 1687 1210 occurrit
1706 1182 1748 1210 illi
1764 1191 1832 1210 mu—

1050 1224 1106 1252 lier
1126 1226 1232 1253 ornatu
1254 1226 1440 1262 meretricio,
1462 1231 1627 1264 praeparata
1649 1229 1688 1257 ad
1715 1230 1833 1266 capien-

1051 1271 1105 1299 das
1130 1272 1259 1308 animas,
1290 1274 1424 1310 garrula,
1451 1276 1478 1303 et
1497 1283 1586 1312 vaga,
1609 1276 1715 1312 quietis
1736 1277 1833 1314 impa-

1050 1318 1138 1354 tiens,
1155 1330 1168 1344 n
1187 1321 1240 1348 etc.

1086 1367 1150 1394 Non
1171 1369 1308 1395 movetur
1335 1368 1398 1397 sine
1423 1377 1513 1398 causa
1537 1371 1675 1407 Sapiens,
1701 1371 1753 1408 qui
1778 1372 1832 1408 ait,

1050 1414 1148 1448 Eccli„
1168 1422 1214 1448 rx,
1236 1416 1271 1442 8:
1295 1425 1307 1440 κ
1326 1417 1430 1444 Averte
1448 1416 1554 1445 faciem
1578 1420 1659 1446 tuam
1675 1426 1692 1447 a
1711 1419 1833 1447 muliere

1052 1462 1185 1496 compta:
1198 1471 1211 1487 »
1228 1461 1335 1489 mulier
1348 1463 1428 1491 enim
1443 1467 1562 1500 compta
1578 1467 1606 1493 et
1620 1467 1725 1494 ornata
1738 1465 1834 1502 magis

1051 1506 1153 1535 incitat
1168 1507 1207 1535 ad
1222 1510 1388 1543 peccatum.

1088 1554 1201 1582 MuIIeri
1216 1565 1230 1581 «
1244 1563 1306 1583 non
1321 1555 1357 1584 sit
1371 1557 1552 1586 extrinsecus
1571 1558 1759 1597 capillatura,
1782 1564 1833 1590 aut

1051 1601 1245 1631 circumdatio
1265 1603 1345 1638 auri,
1368 1606 1419 1632 aut
1436 1605 1680 1635 vestimentorum
1698 1607 1801 1636 cultus.
1816 1619 1829 1635 n

1051 1647 1062 1676 1
1076 1649 1160 1684 Petr„
1177 1657 1219 1685 111,
1236 1651 1262 1677 3.

1283 1735 1426 1769 CAPUT
1450 1736 1600 1771 CXXXI.

1268 1813 1305 1840 De
1328 1815 1414 1841 morte
1437 1814 1467 1840 in
1491 1816 1620 1848 yeneralz‘.

1087 1884 1162 1918 Quia
1169 1889 1241 1914 vera
1254 1887 1297 1914 est
1309 1887 1452 1917 sententia
1461 1889 1522 1924 Dei,
1535 1890 1605 1925 quia
1619 1890 1693 1918 dixit
1706 1891 1831 1927 homini,

1054 1932 1131 1967 Gen.,
1147 1942 1185 1968 11,
1204 1935 1235 1962 Π
1251 1944 1257 1962 ;
1272 1944 1285 1960 «
1299 1936 1331 1962 In
1346 1944 1538 1972 quocumque
1554 1937 1602 1965 die
1617 1938 1783 1967 comederis
1797 1947 1833 1967 ex

1051 1987 1098 2013 eo,
1114 1982 1210 2008 morte
1227 1981 1378 2016 morieris,
1392 1992 1405 2009 u
1422 1982 1548 2018 planum
1568 1986 1610 2011 est
1631 1985 1715 2020 quod
1735 1986 1832 2014 statim

1051 2028 1119 2061 post
1138 2029 1294 2062 peccatum
1313 2028 1405 2056 homo
1426 2030 1562 2058 moritur.
1575 2031 1657 2059 Unde
1674 2031 1767 2062 homo
1789 2034 1833 2061 vi-

1050 2081 1123 2101 vens
1143 2074 1229 2109 quasi
1243 2076 1384 2104 continue
1400 2077 1527 2107 moritur
1541 2079 1708 2109 secundum
1721 2083 1835 2118 Augus-

1049 2120 1155 2155 tinum,
1168 2122 1224 2150 XIV
1240 2124 1278 2150 De
1290 2124 1406 2152 Ciuitate
1425 2126 1484 2153 Dei.

1087 2169 1160 2196 Cum
1183 2170 1225 2197 tot
1250 2170 1336 2198 annis
1358 2171 1485 2200 vixerint
1503 2173 1641 2203 homines
1665 2178 1732 2204 ante
1757 2176 1835 2205 dilu-

1050 2214 1148 2249 vium,
1166 2218 1265 2244 tamen
1279 2217 1430 2253 signanter
1441 2219 1512 2247 dicit
1521 2221 1679 2257 Scriptura,
1691 2225 1758 2258 post
1773 2223 1837 2251 des-

1051 2262 1228 2298 criptionem
1248 2264 1315 2292 vitae
1340 2273 1445 2294 eorum
1465 2276 1473 2294 ε
1496 2277 1510 2293 (ι
1532 2269 1564 2296 Ει
1586 2270 1723 2298 mortuus
1747 2271 1798 2298 est.
1818 2280 1830 2297 »

1053 2309 1130 2344 Gen„
1146 2318 1175 2345 v,
1191 2313 1218 2346 5,
1235 2312 1261 2345 8,
1280 2314 1334 2340 etc.

1087 2357 1114 2385 Si
1125 2360 1224 2393 patres
1236 2359 1350 2395 antiqui
1361 2362 1488 2389 mortem
1500 2361 1655 2396 timebant,
1673 2365 1701 2391 et
1711 2363 1834 2400 longam

1051 2404 1143 2432 vitam
1156 2405 1312 2442 optabant,
1327 2414 1389 2435 non
1405 2410 1466 2436 erat
1480 2408 1605 2437 mirum:
1618 2417 1689 2438 nam
1700 2410 1757 2447 ipsi
1772 2419 1834 2440 non

1050 2453 1188 2487 poterant
1202 2452 1301 2481 adhuc
1315 2453 1346 2481 in
1357 2454 1468 2483 coelum
1481 2456 1651 2492 ascendere,
1663 2465 1717 2485 nee
1731 2457 1832 2488 divina

1050 2498 1164 2534 perfrui
1197 2499 1423 2535 visione,donec
1452 2502 1586 2531 Salvator
1614 2504 1755 2540 advenit,
1783 2506 1835 2542 qui

1053 2546 1287 2581 aperuitjanuas
1300 2548 1443 2583 paradisi.
1460 2549 1542 2578 Unde
1552 2553 1669 2579 sanctus
1683 2552 1765 2587 Loth,
1781 2552 1835 2580 ad-

1051 2593 1182 2620 monitus
1207 2593 1245 2621 ab
1269 2595 1399 2630 Angelo,
1426 2598 1458 2624 ut
1481 2597 1598 2625 salvum
1621 2598 1730 2627 faceret
1751 2607 1782 2627 se
1805 2600 1836 2628 in

1051 2642 1169 2674 monte,
1186 2640 1282 2669 timuit
1296 2642 1348 2670 illo
1368 2642 1425 2678 ire,
1447 2651 1484 2671 ne
1505 2643 1579 2672 forte
1599 2645 1835 2681 apprehenderet

1051 2685 1137 2714 inum
1152 2687 1278 2723 malum,
1294 2690 1322 2716 et
1334 2693 1500 2718 moreretur
1512 2691 1566 2725 ibi,
1583 2692 1661 2726 Gen„
1676 2701 1735 2728 xix,
1754 2696 1795 2721 19.

1087 2734 1180 2762 Etiam
1202 2735 1273 2763 mali
1298 2738 1401 2772 optant
1414 2737 1500 2772 ,bene
1524 2738 1612 2774 mori,
1637 2741 1731 2775 Num„
1753 2748 1834 2775 xxiii,
