2004 3037
465 257 517 290 DE
539 254 775 289 GRATIARUM
797 253 1163 288 SANCTIFICATIONE.
1187 255 1274 288 CAP.
1297 254 1386 287 LXX.

121 326 254 362 infirmis3
266 325 401 362 perfectis
412 332 492 360 vero,
509 325 699 361 praeceptum.
712 322 770 351 illis
785 324 896 358 autem,

120 373 172 410 qui
187 372 431 401 renuntiaverunt
450 370 642 408 proprietati,
657 377 718 398 non
732 369 800 398 licet
813 377 896 406 repe-

120 422 180 448 tere
203 427 256 448 sua
277 421 308 447 ut
330 426 384 446 sua
398 439 407 454 ,
432 417 486 446 sed
501 419 533 445 ut
555 416 814 453 congregationis;
834 424 896 444 non

120 468 241 502 propter
252 473 283 494 se
292 486 301 500 ,
314 465 367 493 sed
381 465 502 501 propter
516 471 676 492 commune
690 463 815 491 bonum.

157 513 277 541 Sextum
292 513 334 540 est
347 510 557 539 misericordiae
569 512 596 538 et
610 509 894 546 supererogationis,

120 558 240 587 utillud
255 559 283 586 ¹:
302 558 381 586 Omni
398 559 502 592 petenti
520 559 545 584 te
564 558 669 592 tribue;
687 557 715 584 et
729 555 805 584 illud
819 556 848 584 ²:
865 556 896 584 Si

121 607 162 634 cis
183 606 319 640 perfectus
338 611 408 639 esse,
428 603 516 638 vade,
541 605 595 632 etc.
621 604 694 631 Nota
716 602 800 639 quod
824 602 895 630 dare

121 651 317 688 superfluum,
334 652 376 678 est
395 649 592 685 necessitatis,
612 649 781 678 necessitate
800 651 895 677 extre—

120 706 189 734 ma;
205 697 257 726 sed
271 697 343 725 dare
358 697 468 734 quihus
483 705 621 732 egemus,
638 695 764 724 consilii.
780 698 894 731 Augus-

119 745 196 773 tinus
213 753 219 773 :
239 754 253 770 (ι
276 744 377 773 Melius
393 745 435 772 est
455 743 586 771 minimis
603 751 702 779 egere,
723 751 815 779 quam
828 742 895 778 plus

118 791 237 820 habere·
256 801 270 818 »
287 791 375 825 Quod
397 792 496 818 autem
520 790 591 818 dicit
611 790 752 818 Dominus
766 790 777 807 ³
793 799 799 818 :
817 790 896 823 Qua:-

118 845 227 873 cumque
240 839 325 865 vultis
339 840 370 865 ut
386 839 492 871 faciant
510 838 583 864 vobis
598 837 730 872 homines,
745 844 789 864 vos
805 837 895 864 eadem

118 885 202 918 facite
216 885 288 918 illis,
307 884 348 912 sic
366 884 592 920 intelligendum
611 885 654 911 est
672 892 679 911 ε
697 883 895 919 Quaecumque

119 930 208 958 vultis
230 930 459 965 rationabiliter,
483 933 511 958 et
531 930 658 961 dictante
683 929 841 964 charitate,
863 932 895 957 ut

117 977 227 1006 faciant
240 977 337 1012 vobis,
353 980 407 1005 etc.
424 977 504 1005 Unde
533 977 557 1004 si
580 979 748 1013 peteremus
761 985 824 1004 rein
839 977 893 1004 ali-

117 1031 219 1059 quam,
234 1026 262 1051 et
276 1031 337 1051 non
353 1023 521 1051 videremus
534 1023 611 1051 illud
626 1031 688 1051 esse
702 1023 893 1058 rationabile,

117 1077 178 1098 non
198 1069 344 1098 vellemus
355 1070 418 1106 Jam
435 1069 651 1098 rationabiliter
665 1069 730 1098 dari
744 1070 841 1098 nobis.

152 1116 314 1152 Septimum
330 1116 488 1144 consilium
510 1118 552 1144 est
572 1115 609 1144 de
627 1116 811 1152 simplicitate
828 1125 895 1145 ver-

115 1162 234 1197 borum,
249 1165 280 1190 ut
301 1163 344 1190 ibi
357 1163 367 1180 ⁶
384 1172 390 1190 :
406 1163 450 1190 sit
469 1171 553 1191 sermo
572 1165 668 1197 vester,
688 1166 738 1195 est,
755 1167 814 1191 est:
830 1172 893 1198 non,

115 1218 176 1237 non.
194 1210 281 1245 Cujus
296 1218 397 1237 sensus
416 1212 467 1237 est.
488 1210 516 1238 Si
538 1209 695 1238 affirmatio
712 1210 761 1238 vel
775 1211 894 1245 negatio

116 1258 158 1284 est
172 1256 202 1283 in
217 1264 267 1284 ore
278 1278 287 1291 ,
305 1257 341 1283 sit
355 1258 382 1284 et
396 1256 427 1284 in
443 1256 544 1284 corde.
563 1258 594 1284 Et
608 1256 647 1284 ad
662 1257 719 1284 hoc
735 1257 893 1285 consilium

115 1303 265 1331 reducitur
287 1304 363 1331 iilud
385 1305 507 1333 Matthaei
521 1304 531 1320 ⁵
548 1313 554 1332 z
575 1305 705 1332 Audistis
718 1326 727 1339 ,
746 1307 812 1339 quia
833 1306 892 1333 dic-

116 1353 171 1378 tum
187 1353 224 1378 est
238 1353 376 1386 wztc’quz's,
392 1360 444 1380 non
459 1352 625 1388 peoffurabz‘s.
646 1353 702 1386 1390
721 1354 810 1379 autem
832 1353 892 1380 dico

115 1398 199 1430 vobis,
215 1406 267 1425 non
291 1398 384 1432 jurare
410 1400 527 1426 omnino.
559 1399 632 1426 Nota
658 1398 742 1434 quod
768 1399 868 1434 jurare
882 1421 892 1434 ‚

116 1446 261 1479 quantum
276 1444 314 1471 ad
326 1444 526 1472 infirmitatem
539 1444 677 1480 pertinet,
691 1445 892 1480 permissionis

116 1492 175 1522 est;
193 1498 253 1518 non
266 1491 367 1525 jurare
383 1493 498 1524 autem,
519 1493 664 1526 quantum
686 1491 725 1519 ad
740 1493 893 1527 perlectio-

115 1544 184 1564 nem
198 1536 339 1572 pertinet,
356 1536 472 1564 consilii
496 1540 546 1564 est.
567 1537 704 1565 Prohibet
725 1538 812 1565 etiam
837 1540 891 1567 Do-

114 1583 212 1610 minus
224 1583 324 1618 jurare
338 1591 391 1619 per
404 1586 566 1618 creaturas,
583 1584 692 1612 scilicet
703 1593 757 1620 per
772 1584 891 1619 coelum,

115 1629 163 1656 vel
177 1631 298 1664 terram,
314 1629 361 1657 vel
381 1637 434 1665 per
449 1630 608 1666 capillum,
623 1634 746 1667 propter
767 1632 892 1660 idolola-

114 1676 220 1709 triam,
242 1683 279 1703 ne
300 1675 411 1703 scilicet
436 1676 592 1704 credamus
621 1677 736 1713 aliquid
761 1679 891 1706 numinis

115 1730 176 1750 esse
191 1722 221 1749 in
236 1722 302 1750 illis.
320 1722 404 1750 Fiunt
426 1725 525 1750 tamen
549 1723 701 1752 interdum
722 1725 891 1760 juramenta

114 1777 166 1805 per
181 1769 373 1804 evangelium
391 1771 418 1798 et
432 1777 533 1798 cruces
544 1791 553 1804 ,
570 1769 601 1798 id
617 1772 672 1805 est,
688 1779 740 1807 per
759 1780 827 1800 euin
843 1774 890 1801 cui

113 1817 175 1845 baec
187 1820 253 1845 sunt
267 1817 413 1845 dedicata.

152 1865 292 1892 Octavum
317 1865 359 1892 est
382 1864 419 1892 de
442 1865 564 1893 vitanda
587 1866 742 1894 occasione
766 1867 887 1903 pcccati.

114 1911 195 1938 Unde
222 1911 373 1939 dicitur⁶:
396 1912 427 1939 δι’
450 1913 540 1939 oculus
567 1915 628 1940 tuus
656 1914 826 1941 scandalizat
850 1917 889 1949 te,

114 1965 174 1984 eme
187 1965 260 1991 eum,
276 1960 301 1985 et
314 1959 415 1993 projice
430 1959 477 1986 abs
501 1962 535 1986 te.
561 1959 730 1987 Secundum
750 1961 888 1996 Augusti-

113 2011 186 2030 num
196 2004 206 2020 ⁷
216 2025 225 2038 ,
242 2004 358 2031 nullum
372 2005 577 2032 membrorum
593 2006 655 2033 erui
668 2007 835 2043 praecipitur
850 2008 889 2036 ad

113 2049 240 2077 litteram
255 2071 262 2083 ,
287 2050 340 2077 sed
365 2051 481 2078 occasio
506 2052 660 2086 peccandi.
688 2054 784 2081 Potest
810 2055 888 2082 enim

113 2098 229 2125 occasio
245 2106 306 2125 esse
322 2106 358 2125 ex
373 2101 508 2133 aspectu,
524 2100 551 2126 et
566 2100 634 2126 tunc
657 2100 760 2127 oculus
775 2101 889 2129 sinister

112 2145 300 2179 scandalizat3
312 2146 360 2173 vel
375 2148 468 2180 potest
483 2154 545 2174 esse
557 2146 673 2174 occasio
689 2156 724 2175 ex
741 2150 887 2183 contactu,

112 2195 140 2220 et
154 2195 221 2220 tune
239 2200 345 2220 manus
367 2192 489 2220 dextera
513 2193 708 2229 scandaliza13
731 2197 827 2230 potest
848 2196 888 2223 in-

111 2248 199 2275 super
214 2247 276 2267 esse
291 2239 408 2267 occasio
424 2240 567 2275 peccandi
590 2248 626 2267 ex
649 2241 725 2275 aiio,
752 2243 779 2269 et
797 2242 853 2269 hoc
871 2251 888 2270 a

111 2286 291 2320 consiliario,
303 2286 355 2322 qui
368 2285 474 2314 dieitur
489 2286 611 2321 oculus;
629 2287 676 2314 vel
686 2287 724 2315 ab
740 2288 886 2323 adjutore,

111 2333 162 2368 qui
177 2333 284 2360 dicitur
298 2341 405 2360 manus
421 2342 427 2360 :
445 2336 472 2361 et
487 2336 529 2361 est
541 2334 673 2369 dextera,
685 2336 736 2371 qui
748 2337 886 2365 consilia-

110 2380 170 2406 rius
186 2379 293 2407 dicitur
313 2382 340 2407 et
355 2382 397 2407 est
416 2380 534 2415 adjutor
554 2381 585 2408 in
608 2381 830 2418 spiritualibus;
847 2384 887 2410 si-

111 2425 217 2459 nistra,
240 2425 271 2453 in
296 2426 510 2462 temporalibus
535 2437 541 2455 :
563 2428 736 2462 hujusmodi
761 2430 837 2457 enin]
863 2431 887 2458 si

111 2471 324 2506 scandalizant,
341 2472 500 2508 abjiciendi
517 2476 598 2508 sunt,
622 2475 692 2511 quia
717 2476 886 2504 occasiones

111 2518 254 2550 peccandi
271 2520 338 2546 sunt
352 2519 536 2554 abjiciendae.

145 2605 150 2617 ¹
167 2603 233 2632 Luc„
246 2609 282 2633 vi,
300 2606 338 2628 30.
351 2619 380 2623 —
395 2606 515 2636 2Mattl1.‚
527 2613 580 2636 xix,
597 2610 634 2632 til.
650 2621 679 2626 —
694 2610 704 2625 ³
718 2610 821 2639 Matllz„
839 2618 885 2642 iu,

114 2639 151 2662 12.
167 2651 198 2656 -
210 2639 220 2655 ¹·
232 2639 333 2670 Matth„
347 2646 371 2671 v,
390 2642 428 2666 37.
440 2655 467 2659 —
484 2643 493 2658 ⁵
511 2642 582 2672 thid„
599 2645 628 2667 5⁴3
644 2646 669 2667 ct
686 2647 793 2676 seq‚—⁶
811 2647 884 2677 thid„

112 2674 150 2696 29.
161 2687 192 2691 -
208 2675 218 2690 '¹
236 2676 310 2705 Aug„
325 2675 354 2699 de
368 2683 442 2700 serm.
459 2678 529 2701 Dom.
547 2679 573 2701 in
589 2682 678 2710 monte,
693 2681 737 2704 lib.
754 2682 771 2711 1,
789 2689 811 2706 c.
825 2689 884 2713 siu,

112 2716 129 2732 u
157 2711 195 2734 37.
207 2723 236 2727 -
250 2710 260 2726 ⁸
273 2710 374 2741 Matth„
389 2717 422 2742 vi,
441 2714 462 2736 1.
475 2726 505 2731 -—
521 2714 613 2745 -·1bid.‚
630 2716 651 2739 3.
668 2729 694 2734 -
712 2717 731 2733 ¹⁰
743 2718 843 2749 Mattlz.‚
861 2725 885 2748 v,

1671 257 1725 288 201

987 323 1106 350 Nonum
1131 323 1290 351 consilium
1311 324 1354 351 est
1379 322 1417 351 de
1436 322 1612 351 rectitudine
1634 323 1729 352 inten-

950 368 1039 397 tionis
1062 377 1097 397 ac
1120 369 1208 405 finis;
1234 368 1314 397 unde
1339 368 1445 397 dicitur
1464 369 1474 387 ⁸
1500 379 1507 397 :
1535 370 1676 398 Attendite
1697 378 1730 398 ne

946 415 1090 450 justiciam
1103 419 1221 443 vestram
1239 417 1355 450 faciatis
1376 424 1465 444 coram
1483 417 1650 449 hominibus,
1671 419 1726 446 etc.

950 462 1020 490 item
1043 461 1140 490 illud⁰
1157 470 1164 490 ε
1181 464 1291 491 Nesciat
1315 463 1429 490 sinistra
1454 465 1502 490 tua
1518 483 1527 496 ,
1551 463 1619 498 quid
1639 465 1730 497 faciat

950 508 1064 536 deaecera
1079 511 1137 536 tua.
1159 510 1230 537 item
1243 507 1263 526 ¹⁰
1278 517 1285 537 :
1301 508 1345 536 sic
1361 509 1465 536 luceant
1484 516 1565 544 opera
1581 512 1670 537 vestra
1684 518 1728 538 co-

949 562 1009 582 ram
1025 555 1190 589 hominibus,
1202 558 1232 582 ut
1247 556 1396 590 glorificent
1410 558 1515 590 patrem
1531 558 1661 588 vestrum,
1673 558 1727 585 etc.

950 601 988 628 De
1009 600 1055 629 his
1078 603 1166 636 nota,
1187 601 1271 638 quod
1290 601 1434 637 contingit
1457 601 1633 630 constituere
1652 602 1729 632 duos

949 647 1040 683 fines,
1057 648 1169 676 scilicet
1185 649 1399 685 temporalem,
1415 651 1442 676 et
1457 651 1600 677 aeternum
1616 658 1622 677 :
1638 650 1691 678 sed
1705 651 1729 678 si

949 696 1074 722 aeternus
1085 694 1153 723 finis
1164 697 1207 723 est
1223 695 1358 730 ultimus,
1374 696 1431 724 hoo
1450 696 1527 724 bene
1546 696 1631 732 licet,
1652 697 1729 726 actio

949 742 1050 769 autem
1075 741 1251 778 spiritualis,
1267 742 1316 770 vel
1339 742 1528 778 praedicatio,
1549 751 1611 772 non
1634 746 1730 780 potest

949 788 1051 816 referri
1073 789 1112 816 ad
1136 788 1228 817 finem
1251 789 1468 825 temporalem,
1484 790 1524 818 ita
1547 791 1630 826 quod
1653 791 1729 820 illud

949 835 1114 871 temporale
1129 835 1272 864 referatur
1291 836 1331 864 ad
1351 838 1460 872 Deum,
1480 837 1551 873 quia
1564 839 1585 855 ¹¹
1601 846 1654 866 non
1665 843 1729 867 sunt

949 882 1076 915 facienda
1095 883 1169 910 mala
1183 886 1213 910 ut
1234 885 1345 910 veniant
1363 884 1442 911 bona.
1460 886 1491 912 Et
1509 884 1567 912 hoc
1590 885 1729 921 estquod

950 929 1021 958 dicit
1042 930 1221 965 Augustinus
1242 930 1261 946 ¹²
1278 940 1284 958 ε
1304 942 1317 956 «
1331 932 1395 959 Non
1417 931 1562 959 debemus
1583 933 1730 968 evangeli-

949 984 1034 1010 zare,
1062 979 1094 1005 ut
1119 977 1354 1012 manducemus;
1384 978 1437 1006 sed
1464 978 1668 1013 manducare,
1698 982 1730 1008 ut

949 1023 1195 1059 evangelizemus.
1220 1034 1233 1050 n
1255 1027 1329 1052 Nota
1344 1024 1451 1059 etiam,
1470 1025 1553 1061 quod
1576 1033 1630 1053 nos
1649 1028 1727 1054 tene-

948 1078 1016 1098 mur
1033 1070 1102 1098 illos
1122 1072 1203 1099 actus
1225 1070 1334 1099 referre
1349 1071 1389 1099 ad
1408 1073 1517 1106 Deum,
1534 1080 1664 1108 quorum
1677 1072 1728 1101 ha-

948 1116 1055 1145 bemus
1069 1117 1238 1146 dominium
1259 1126 1296 1146 ex
1319 1118 1446 1154 imperio
1471 1118 1613 1152 rationis,
1633 1121 1666 1147 ut
1685 1123 1728 1147 est

948 1163 1131 1191 manducare
1142 1186 1152 1199 ,
1173 1165 1318 1200 cogitare,
1344 1165 1470 1199 eligere,
1485 1167 1513 1192 et
1532 1165 1658 1200 similia;
1674 1166 1728 1194 sed

948 1217 1009 1237 non
1024 1212 1159 1238 tenemur
1173 1213 1253 1239 actus
1268 1211 1377 1239 referre
1391 1211 1598 1240 inobedientes
1608 1212 1727 1246 rationi,

948 1258 980 1284 ut
995 1259 1037 1284 est
1051 1257 1202 1292 nutritiva,
1219 1258 1392 1294 respirativa
1402 1258 1450 1294 (a),
1468 1260 1496 1286 et
1512 1259 1695 1294 hujusmodi.

985 1303 1135 1331 Decimum
1151 1304 1310 1332 consilium
1326 1306 1369 1332 est
1384 1305 1420 1332 de
1436 1305 1640 1333 conformitate
1655 1313 1726 1342 ope—

948 1350 987 1377 ris
1002 1350 1041 1378 ad
1056 1350 1233 1385 doctrinam,
1249 1354 1281 1379 ut
1295 1351 1337 1379 ibi
1350 1353 1372 1369 ¹³
1389 1361 1395 1379 :
1417 1353 1545 1387 Alliqant
1565 1361 1646 1380 onera
1664 1361 1727 1387 qra-

947 1399 1011 1430 vz'a,
1025 1400 1049 1424 ct
1071 1398 1276 1432 importabilz'a;
1293 1399 1380 1432 diqz'to
1400 1401 1490 1426 autem
1505 1407 1551 1426 suo
1575 1400 1670 1426 nolunt
1694 1408 1727 1427 ea

947 1451 1060 1477 movere,
1076 1446 1130 1471 etc.
1147 1444 1191 1472 Ad
1206 1444 1287 1472 idem
1302 1446 1346 1472 est
1357 1445 1433 1472 illud
1448 1445 1570 1473 Matthaei
1585 1446 1604 1462 ¹³
1618 1447 1725 1481 :Hypo-

948 1491 1033 1524 crt'la,
1050 1491 1115 1524 ejice
1135 1492 1216 1525 prius
1246 1492 1347 1519 trabem
1373 1493 1405 1519 de
1430 1493 1505 1519 oculo
1532 1495 1591 1524 tuo,
1616 1496 1641 1520 et
1665 1496 1727 1521 tunc

947 1536 1066 1569 videbis,
1083 1538 1136 1564 etc.
1158 1538 1230 1565 Nota
1248 1538 1331 1573 quod
1352 1538 1516 1574 aliquando
1539 1539 1569 1566 in
1584 1539 1727 1574 proedica-

948 1583 1028 1610 tione
1052 1583 1190 1611 asseritur
1211 1584 1331 1611 intentio
1353 1585 1544 1619 generaliter,
1561 1586 1670 1613 scilieet
1688 1586 1726 1614 de

947 1629 992 1656 his
1009 1638 1074 1665 quae
1088 1630 1236 1666 pertinent
1251 1631 1290 1658 ad
1303 1633 1411 1658 statum
1427 1632 1546 1667 salutis3
1563 1632 1726 1668 aliquando

946 1683 1017 1703 vero
1042 1677 1181 1704 asseritur
1205 1677 1371 1705 secundum
1392 1680 1499 1706 statum
1521 1679 1726 1714 perfectionis,

949 1724 1048 1758 utpote
1066 1723 1218 1758 religionis
1235 1733 1242 1751 :
1258 1724 1356 1760 primo
1371 1725 1464 1752 modo
1488 1728 1601 1753 tenetur
1620 1726 1726 1762 praedi-

947 1771 1027 1796 cator
1049 1769 1145 1797 facere
1168 1770 1252 1806 quod
1276 1770 1365 1805 dicit,
1391 1780 1459 1799 cum
1483 1773 1585 1800 asserit
1608 1773 1647 1800 ad
1670 1773 1727 1801 hoc

947 1823 1050 1843 omnes
1066 1817 1176 1852 teneri3
1194 1818 1326 1845 secundo
1342 1818 1435 1846 modo
1451 1827 1511 1846 non
1531 1822 1655 1854 tenetur,
1671 1821 1727 1848 nisi

946 1862 1156 1898 perfectionem
1180 1864 1263 1891 illam
1280 1865 1342 1900 ipse
1361 1865 1485 1893 voverit.
1509 1867 1607 1894 Utrum
1627 1869 1726 1895 autem

946 1909 1042 1937 malus
1062 1913 1163 1945 peccet
1186 1910 1396 1946 praedicando,
1421 1912 1632 1948 distinguitur:
1655 1914 1726 1950 quia

946 1956 1070 1984 existens
1099 1957 1130 1984 in
1156 1960 1278 1992 peccato
1307 1958 1423 1986 notorio
1452 1962 1556 1994 peccat
1568 1980 1577 1992 ,
1602 1961 1724 1996 quando

945 2002 1102 2037 praedicat,
1117 2003 1178 2030 sive
1195 2012 1231 2031 ex
1246 2005 1417 2032 necessitate
1433 2005 1522 2033 officii
1538 2006 1596 2033 hoc
1618 2006 1723 2041 faciat,

946 2050 1006 2077 sive
1031 2058 1067 2078 ex
1090 2051 1256 2085 voluntate,
1280 2053 1351 2088 quia
1375 2054 1574 2085 scandalizat;
1599 2054 1724 2082 existens

946 2098 1045 2123 autem
1065 2097 1095 2124 in
1114 2100 1236 2132 peccato
1253 2099 1385 2133 occulto,
1401 2100 1424 2126 si
1443 2100 1602 2135 praedicat,
1618 2103 1646 2128 et
1663 2109 1724 2129 non

945 2142 1041 2169 studet
1062 2151 1097 2170 ex
1123 2143 1201 2170 dicto
1223 2152 1277 2172 suo
1301 2146 1480 2181 compungi,
1495 2146 1593 2174 adhuc
1609 2147 1724 2175 videtur

944 2197 1083 2224 peccare,
1101 2189 1170 2225 quia
1185 2191 1303 2218 videtur
1317 2194 1515 2220 contemnere.

981 2235 1173 2263 Undecimum
1187 2237 1344 2265 consilium
1360 2240 1401 2265 est
1416 2239 1452 2266 de
1472 2239 1593 2267 vitanda
1613 2241 1722 2268 sollici-

944 2282 1056 2317 tudine,
1066 2285 1097 2310 ut
1107 2283 1149 2310 ibi
1164 2284 1183 2300 ¹⁵
1196 2293 1202 2310 :
1215 2285 1307 2312 Nolite
1321 2286 1434 2312 solliciti·
1447 2294 1510 2320 esse,
1521 2289 1574 2314 etc.
1587 2289 1619 2314 Et
1629 2287 1670 2314 ibi
1683 2289 1721 2313 ¹⁵:

943 2330 1035 2356 Nolite
1048 2331 1168 2364 cogitare
1191 2331 1223 2358 de
1238 2333 1365 2358 crastino.
1391 2332 1549 2360 Sciendum
1565 2333 1648 2368 quod
1668 2334 1720 2361 tri-

943 2375 1011 2410 plex
1030 2377 1072 2403 est
1095 2376 1264 2404 sollicitudo
1282 2387 1288 2404 :
1304 2378 1401 2413 prima
1420 2381 1462 2406 est
1487 2379 1666 2413 laudabilis,
1692 2383 1722 2407 ut

944 2425 985 2449 est
998 2423 1187 2458 providentia
1202 2424 1361 2459 spiritualis
1374 2446 1381 2459 ‚
1407 2425 1486 2452 uude
1504 2426 1660 2461 Apostolus
1676 2427 1695 2443 ¹⁷
1712 2435 1718 2453 :
1761 2452 1764 2455 ,

944 2469 998 2501 Qua·
1010 2471 1067 2497 sine
1084 2466 1167 2497 uoeo're
1192 2474 1243 2504 est,
1270 2473 1404 2498 sollicitus
1425 2476 1462 2499 est
1484 2480 1543 2506 quoe
1566 2474 1615 2499 Dei
1637 2476 1716 2504 sunt,

944 2568 982 2589 16.
1001 2578 1031 2583 —
1052 2567 1070 2580 '¹
1086 2566 1165 2595 Rom„
1181 2572 1219 2596 111,
1239 2568 1262 2591 8.
1281 2580 1310 2584 —
1333 2568 1351 2583 ¹²
1366 2569 1440 2599 Aug„
1459 2568 1489 2591 de
1508 2575 1582 2591 serm.
1603 2568 1673 2592 Dom.
1693 2569 1718 2592 in

943 2603 1030 2630 monte,
1046 2601 1089 2625 lib.
1109 2602 1138 2631 ΙΙ,
1158 2609 1180 2625 c.
1197 2608 1250 2630 xvi,
1269 2609 1294 2625 n.
1311 2604 1391 2626 31-
1411 2602 1429 2618 ¹³
1443 2603 1544 2631 Mami„
1558 2609 1633 2633 xxm,
1650 2605 1672 2627 4.
1690 2618 1716 2620 —

940 2636 963 2653 ¹³
976 2637 1049 2667 thid„
1063 2643 1110 2668 vii,
1124 2638 1147 2660 5.
1159 2650 1189 2655 —
1206 2638 1223 2654 ’ὅ
1236 2637 1310 2665 ibid,
1323 2643 1357 2668 Vi,
1373 2640 1410 2661 31.
1423 2651 1452 2655 -
1466 2640 1481 2651 ¹'2
1495 2639 1570 2669 ibid„
1582 2640 1620 2669 34,
1634 2640 1717 2669 quoad

942 2679 1054 2696 sensum.
1067 2686 1098 2689 —-
1115 2673 1133 2689 ¹7
1153 2674 1157 2696 1
1177 2673 1245 2703 Com,
1261 2680 1306 2703 xii,
1322 2677 1361 2697 32.

976 2719 1008 2749 (a)
1026 2719 1082 2750 Leq.
1098 2719 1136 2743 vis
1153 2719 1291 2746 nutritivae,
1306 2720 1473 2751 respirativoe.
