2004 3037
685 193 736 226 DE
756 193 921 227 NATURA
942 193 1019 227 DEI.
1043 193 1130 226 GAP.
1153 194 1286 228 XXXIV.
1753 202 1792 232 87

176 262 307 292 adventu
332 262 436 292 Christi
445 271 455 299 ς
479 261 642 299 aliquando
669 262 712 290 est
742 269 758 290 e
788 263 953 297 contrario,

176 309 287 338 scilicet
304 311 406 347 aperta
428 309 554 345 iustitia,
569 310 598 337 et
611 308 724 337 occulta
737 309 953 344 misericordia,

175 357 208 384 ut
219 356 250 384 in
259 357 412 393 punitione
422 355 617 394 parvulorum
629 355 691 384 sine
704 356 854 393 baptismo
869 356 953 385 dece-

176 403 320 440 dentium,
345 406 373 433 et
395 404 426 432 in
445 402 577 431 secundo
596 402 726 431 adventu
751 403 854 432 Christi
861 413 869 438 ;
899 403 952 431 ali-

174 451 298 487 quando
313 452 471 487 utrumque
486 451 529 478 est
548 449 712 486 occultum,
731 452 764 478 ut
785 450 817 478 in
830 450 954 478 tribula-

173 497 254 526 tione
277 497 426 533 justorum
454 497 483 525 et
511 497 714 532 innocentum,
740 497 815 525 sicut
842 497 896 525 fuit
922 497 952 525 in

172 543 392 572 infirmitatibus
411 543 606 579 parvulorum
617 553 625 579 3
649 543 812 580 aliquando
838 545 952 572 utrum-

173 598 231 627 que
245 591 288 619 est
297 592 443 627 apertum,
457 590 529 618 utin
538 590 778 619 remuneratione
791 591 951 627 justorum,

173 638 202 666 et
221 637 411 666 damnatione
428 637 628 673 reproborum
645 647 652 665 :
674 637 746 674 quia
765 637 833 665 illos
853 646 951 666 remu-

172 685 256 714 nerat
268 692 359 721 supra
377 684 530 718 meritum,
544 686 572 712 et
589 684 660 712 istos
678 684 764 720 punit
785 684 857 713 citra
877 693 949 713 con-

172 730 312 766 dignum,
331 731 415 767 quod
434 732 476 759 est
497 731 730 759 misericordiae:
751 731 804 759 sed
818 731 949 768 utrisque

170 777 305 808 retribuit
318 777 484 806 secundum
493 778 605 813 merita,
619 778 676 806 hoc
691 780 743 814 est,
754 778 842 806 bonis
856 778 949 815 bona,

172 827 201 852 et
214 824 300 853 malis
309 825 400 858 mala,
416 824 500 861 quod
510 826 553 852 est
562 824 690 860 justitiae.
704 825 731 852 Si
741 825 786 852 vis
800 825 874 853 scire
889 833 949 862 qua

169 871 280 907 justitia
290 871 429 907 puniatur
436 872 528 899 homo
538 879 591 908 pro
603 873 724 908 peccato
740 874 949 901 momentaneo

172 918 366 952 aeternaliter,
385 917 454 946 vide
472 918 570 954 primo
596 918 781 947 auctoritates
808 919 889 947 Isaiae
913 921 917 934 ¹
940 930 946 948 :

174 966 280 994 Vermis
303 973 393 993 eorum
414 973 468 993 mm
488 966 633 997 morietur,
650 967 675 993 et
691 967 763 1001 ignis
786 974 877 994 eorum
896 975 949 994 non

171 1013 355 1046 extinguetur.
369 1011 502 1040 Psalmus
513 1010 524 1027 ²
534 1012 624 1039 :Ibunt
638 1013 668 1040 in
681 1014 823 1047 proveni&
837 1017 948 1049 patrum

169 1065 277 1086 suorum
285 1079 294 1093 ‚
310 1059 336 1086 et
355 1066 439 1093 usquc
452 1059 482 1085 in
495 1060 623 1086 ceternum
637 1067 690 1086 non
703 1060 832 1087 videbunt
848 1062 946 1088 lumen.

169 1104 319 1134 Matthaeus
334 1106 344 1123 ³
361 1115 367 1133 :
390 1107 448 1141 Ite,
465 1106 624 1140 maledicti,
646 1108 676 1133 in
696 1108 786 1141 iqncm
809 1109 945 1135 oeternum.

169 1152 201 1180 In
219 1151 422 1188 Apocalypsit
445 1162 452 1180 :
475 1153 606 1180 Ascendit
628 1155 719 1186 tumus
741 1153 778 1190 (a)
804 1162 892 1182 corum
917 1157 947 1183 in

169 1199 266 1226 saecula
287 1200 452 1226 soeculorum.
481 1200 553 1226 Item
580 1199 750 1235 Gregorius,
780 1200 811 1227 in
840 1203 946 1237 quarto

168 1245 368 1280 Dialoqorumss
389 1254 396 1273 z
425 1254 438 1271 «
458 1246 485 1273 Si
509 1247 584 1274 Deus
607 1254 669 1274 non
692 1247 760 1282 plus
785 1247 947 1276 attenderet

169 1299 231 1326 cor,
242 1300 334 1328 quam
345 1292 431 1327 facta,
442 1292 547 1327 injuste
563 1295 664 1329 posset
675 1293 733 1321 dici
748 1294 813 1321 talis
823 1295 944 1330 justitia.

168 1338 226 1366 Sed
239 1339 310 1375 quia
328 1340 403 1366 Deus
425 1338 554 1367 intuetur
573 1348 638 1375 cor,
652 1340 765 1374 justum
781 1343 823 1369 est
838 1344 869 1369 ut
883 1342 945 1370 sine

167 1384 226 1413 fine
254 1385 425 1421 puniantur,
450 1386 502 1421 qui
528 1394 685 1422 nunquam
712 1387 822 1415 vellent
844 1388 944 1417 vivere

168 1431 230 1459 sine
257 1434 389 1467 peccato.
417 1443 430 1459 n
448 1431 622 1460 Rationibus
646 1433 726 1461 idem
756 1435 942 1464 ostenditur:

167 1479 238 1515 quia
252 1479 331 1507 enim
345 1480 436 1507 homo
448 1481 581 1515 peccavit
593 1480 624 1507 in
639 1488 693 1508 suo
704 1482 823 1516 aeterno,
839 1483 944 1511 merito

165 1526 305 1562 punietur
322 1526 354 1554 in
372 1528 480 1554 aeterno
495 1526 555 1554 Dei.
572 1527 642 1554 Item
665 1527 788 1555 materia
810 1528 887 1563 ignis
903 1531 945 1557 est

165 1574 273 1601 aeterna
281 1594 290 1608 ‚
305 1573 415 1601 scilicet
431 1573 550 1601 macula
563 1573 676 1609 peccati
691 1582 698 1600 :
716 1582 787 1609 ergo
802 1576 829 1602 et
842 1583 941 1611 poena.

164 1621 235 1649 Item
251 1621 405 1656 peccatum
427 1622 469 1647 cst
490 1621 591 1647 contra
610 1620 695 1647 illum
710 1620 761 1656 qui
783 1623 825 1649 est
843 1621 942 1649 infini-

164 1668 232 1695 tus:
253 1675 324 1702 ergo
344 1675 433 1703 poena
452 1666 541 1694 debet
563 1674 625 1694 esse
650 1666 787 1695 infinita:
808 1668 861 1695 sed
884 1669 942 1697 hoc

163 1721 225 1742 non
237 1715 333 1750 potest
346 1721 408 1741 esse
423 1713 579 1741 acerbitate
602 1722 608 1740 :
625 1713 705 1741 unde
728 1716 844 1750 oportet
859 1716 942 1751 quod

163 1760 215 1788 fiat
227 1760 426 1788 diuturnitate.
447 1762 518 1788 Item
533 1768 601 1788 cum
618 1760 711 1788 homo
735 1764 848 1797 peccat,
865 1765 942 1790 errat

162 1807 194 1836 in
217 1807 366 1835 infinitum
390 1807 617 1843 quodammodo
644 1807 811 1842 rationalis,
841 1809 940 1837 irasci-

162 1853 247 1889 bilis,
264 1856 292 1882 et
315 1854 570 1890 concupiscibilis,
590 1854 712 1890 quando
735 1854 852 1883 finitum
866 1864 940 1892 pree-

162 1901 246 1937 ponit
272 1901 404 1929 infinito:
426 1901 477 1928 illa
501 1900 640 1937 quidem,
661 1901 826 1936 judicando
835 1912 843 1938 3
874 1903 940 1938 ista,

162 1948 343 1976 adhaerendo
354 1969 363 1983 ,
380 1949 408 1975 et
421 1948 543 1983 ultima,
560 1948 727 1983 appetendo
743 1957 749 1975 :
771 1949 851 1976 unde
867 1958 938 1977 con-

163 2001 235 2029 grue
255 1994 344 2022 debet
363 2002 424 2022 0550
444 2002 534 2030 poena
555 1994 678 2023 infinita.
706 1996 777 2023 Item
791 1996 871 2024 mala
886 2005 939 2025 vo-

162 2041 259 2068 luntas
272 2041 472 2076 reproborum
493 2043 602 2069 aeterna
623 2044 665 2069 est
682 2051 688 2069 ι
712 2050 782 2077 ergo
798 2045 826 2070 01
840 2051 937 2079 poena.

162 2087 234 2115 Item
246 2087 410 2115 ostenditur
419 2088 573 2123 exemplis,
584 2088 654 2124 quia
664 2089 795 2117 venditio
806 2098 940 2118 momen-

163 2135 249 2162 tanea
268 2134 319 2161 dat
331 2134 378 2169 jus
392 2134 566 2170 possidendi
580 2137 774 2170 perpetuum,
792 2138 819 2164 ct
833 2137 938 2165 vulne-

161 2181 236 2209 ratio
251 2183 461 2208 momentanea
476 2181 641 2209 cicatricem
654 2181 741 2209 infert
753 2185 936 2218 perpetuam.

161 2228 232 2256 Item
254 2235 339 2255 casus
361 2228 392 2255 in
406 2227 525 2256 foveam
544 2228 716 2264 temporalis
731 2231 781 2264 est,
809 2229 937 2258 detentio

160 2275 314 2310 perpetua.
343 2275 414 2302 Item
442 2274 566 2302 offensio
589 2275 746 2303 oculorum
767 2277 938 2312 temporalis

162 2323 215 2356 est,
244 2324 272 2349 et
300 2321 459 2350 caecitatem
485 2324 624 2357 operatur
652 2324 837 2358 perpetuam.
869 2326 938 2352 Item

162 2368 273 2395 crimen
288 2368 363 2395 laesae
384 2369 542 2404 majestatis
557 2369 720 2405 temporale
742 2371 799 2404 est,
815 2370 939 2398 servitus

161 2417 313 2450 perpetua.
327 2416 398 2443 Item
407 2415 489 2451 potio
503 2415 608 2443 veneni
624 2418 847 2451 momentanea,
860 2426 939 2446 mor-

161 2463 220 2489 tem
231 2463 369 2498 operatur
378 2463 560 2498 perpetuam.
573 2462 645 2490 Dicit
655 2464 842 2499 Augustinus,
855 2465 938 2500 quod

162 2508 260 2536 reddit
273 2510 347 2537 Deus
366 2508 446 2536 mala
467 2516 521 2544 pro
543 2509 649 2545 malis,
668 2510 726 2538 1100
742 2513 801 2546 est,
817 2519 938 2547 poenam

197 2582 206 2598 ¹
222 2581 282 2612 Im..
296 2588 366 2613 vai,
386 2584 425 2607 24.
443 2596 470 2600 —
488 2583 498 2598 ²
516 2583 585 2607 Psal.
606 2589 697 2614 xrvm,
714 2586 752 2609 20.
764 2598 793 2602 -—
811 2586 819 2599 ³
834 2586 937 2617 Mami.J

163 2622 226 2648 XXV,
247 2619 287 2642 41.
306 2631 337 2636 —
355 2619 365 2635 δ
386 2619 474 2650 Αροε.,
496 2625 551 2650 xiv,
574 2621 612 2643 Μ.
633 2632 664 2636 —-
685 2621 694 2636 ⁵
715 2621 802 2652 Greg.,
825 2622 936 2653 Dz'aloq„

163 2651 207 2678 lib.
223 2652 266 2684 IV,
285 2660 307 2679 c.
322 2660 392 2680 xmv.
405 2668 431 2673 —
452 2656 462 2670 ⁶
478 2655 589 2687 loun-‚V,
606 2656 643 2680 14.
655 2669 685 2674 -
705 2657 712 2671 ⁷
732 2657 752 2681 II
769 2657 837 2688 Cor„
850 2663 897 2689 xii,
913 2660 935 2683 7.

1008 269 1064 299 pro
1084 262 1242 299 injustitia,
1263 264 1335 300 quia
1353 264 1448 300 justus
1470 265 1530 299 cstf
1550 265 1600 294 vel
1618 265 1717 294 reddit
1736 265 1792 296 bo—

1008 316 1082 337 num
1100 317 1156 345 pro
1171 310 1268 346 malis,
1283 310 1342 339 1100
1357 312 1410 346 051,
1426 311 1553 347 gratiam
1573 311 1699 348 injustis,
1715 321 1791 350 quo-

1008 356 1090 384 niam
1114 356 1212 384 bonus
1232 359 1290 394 cst3
1312 358 1358 386 vel
1384 359 1484 387 reddit
1506 359 1588 388 bona
1614 367 1669 396 pro
1689 360 1790 396 bonis,

1007 403 1065 431 hoc
1076 405 1128 438 est,
1141 404 1267 439 gratiam
1281 413 1336 441 pro
1351 405 1455 440 gratia,
1467 406 1538 442 quia
1546 406 1641 442 justus
1650 408 1678 434 et
1691 407 1790 436 bonus

1009 451 1052 478 est
1063 459 1072 485 ;
1089 458 1245 486 nunquam
1258 451 1356 479 reddit
1368 447 1447 480 mala
1461 460 1516 488 pro
1532 453 1631 488 bonis,
1644 454 1789 490 quoniam

1007 496 1131 532 injustus
1156 505 1218 525 non
1243 499 1294 525 cst.
1321 497 1436 534 Aliquis
1462 499 1584 534 punitur
1602 499 1633 527 in
1652 500 1789 536 proesenti

1009 545 1034 571 1.
1049 545 1171 580 propter
1185 544 1331 580 seipsum,
1346 546 1378 572 ut
1391 545 1501 573 scilicet
1515 548 1670 582 peccatum
1683 549 1788 582 praete-

1006 589 1096 618 ritum
1111 590 1141 618 in
1156 598 1192 618 eo
1206 593 1359 627 purgetur.
1375 593 1521 620 Joannesss
1536 601 1543 620 ι
1556 595 1622 621 Ecce
1636 601 1718 622 sanus
1732 596 1788 628 fac-

1007 639 1050 664 tus
1067 645 1109 670 es‚·
1124 638 1206 672 vade,
1227 640 1251 665 et
1270 639 1388 673 amplius
1408 640 1466 666 noli
1485 647 1605 674 peccare.
1623 641 1695 668 Item
1713 641 1740 668 2.
1756 643 1790 669 ut

1005 685 1128 719 propter
1146 686 1302 720 peccatum
1321 687 1466 722 perpetuo
1485 686 1644 722 crucietur,
1661 688 1722 715 tam
1739 687 1788 715 1110

1006 738 1098 766 quam
1112 730 1144 758 in
1157 730 1256 759 futuro
1272 740 1279 759 ε
1297 732 1469 768 exemplum
1483 732 1577 761 habes
1600 733 1637 761 de
1660 734 1786 770 Herode,

1005 778 1033 804 ct
1048 777 1084 804 de
1098 777 1252 806 Antiocho.
1278 780 1349 806 Item
1364 780 1390 807 3.
1406 781 1439 806 ut
1459 779 1547 816 culpa
1561 779 1740 814 declinetur,
1755 783 1787 810 ut

1005 823 1040 850 dc
1054 824 1156 859 Paulo,
1172 824 1211 852 ad
1226 825 1390 854 Corinthios
1404 826 1414 843 ⁷
1431 835 1438 853 :
1454 827 1495 855 Ne
1508 827 1667 862 magnitudo
1681 828 1785 855 revela-

1005 871 1109 898 tionum
1123 872 1235 899 extollat
1246 880 1296 907 me,
1307 874 1361 900 etc.
1375 874 1446 901 Item
1456 875 1482 901 4.
1492 875 1524 901 ut
1536 874 1632 909 gloria
1641 874 1672 902 111
1685 874 1784 903 futuro

1005 917 1104 952 detur;
1120 917 1151 945 in
1165 918 1285 946 Actibus
1299 919 1309 936 ⁸
1323 928 1330 947 :
1350 919 1463 955 Oportet
1481 929 1529 948 nos
1546 929 1596 957 per
1612 923 1718 949 multas*
1733 923 1784 949 tri-

1004 964 1154 992 bulationes
1169 967 1288 1000 intrare,
1304 967 1357 994 etc.
1379 968 1411 995 In
1428 967 1532 1003 primis
1552 967 1669 995 duabus
1689 968 1784 996 causis

1003 1013 1119 1039 exercet
1138 1013 1212 1040 Deus
1224 1013 1383 1048 justitiam;
1398 1013 1429 1041 in
1448 1013 1566 1042 duabus
1581 1015 1783 1051 sequentibuS‚

1002 1059 1247 1088 misericordiam.
1272 1062 1396 1097 Quinto,
1420 1063 1542 1098 punitur
1571 1063 1638 1098 quis
1662 1065 1784 1100 propter

1003 1108 1105 1142 Deum,
1127 1107 1251 1142 scilicet,
1266 1111 1298 1136 ut
1312 1109 1492 1144 glorificetur
1505 1110 1514 1126 ⁰
1531 1119 1537 1137 :
1554 1111 1646 1146 Neque
1665 1111 1708 1138 hic
1720 1118 1782 1145 pec-

1002 1155 1089 1188 cavit,
1113 1162 1196 1189 neque
1208 1158 1333 1190 parentes
1351 1156 1426 1190 ejus,
1449 1158 1502 1184 etc.
1533 1157 1634 1190 Sexto,
1659 1156 1781 1193 punitur

1003 1200 1069 1235 quis
1082 1202 1203 1236 propter
1221 1201 1391 1237 proximum
1400 1223 1409 1236 ,
1425 1202 1534 1230 scilicet
1547 1205 1580 1230 ut
1594 1203 1757 1231 aedificetur
1771 1213 1779 1230 :

1002 1246 1043 1273 sic
1066 1246 1121 1274 fuit
1140 1247 1260 1282 punitus
1287 1248 1394 1275 Tobias
1405 1248 1435 1284 ¹⁰,
1456 1252 1487 1276 ut
1513 1250 1577 1276 aliis
1603 1250 1636 1285 (b)
1668 1250 1780 1278 daretur

1001 1294 1152 1328 eoeemplum
1169 1296 1313 1328 patientioe
1328 1303 1338 1322 .·
1357 1295 1398 1322 sic
1413 1295 1575 1334 puniuntur
1591 1296 1680 1324 etiam
1693 1296 1779 1324 inno-

1001 1341 1099 1368 centes
1112 1341 1213 1376 pueri,
1231 1349 1267 1368 ne
1288 1341 1424 1370 videatur
1442 1342 1654 1370 inconveniens
1675 1351 1780 1379 pecca-

1000 1387 1134 1421 toribus,
1154 1387 1177 1414 si
1201 1388 1383 1425 quandoque
1407 1389 1595 1417 tribulantur.
1620 1391 1700 1418 ι111510
1729 1390 1779 1418 Dei

997 1433 1110 1468 judicio
1125 1435 1290 1470 puniuntur
1305 1436 1356 1471 qui
1372 1436 1420 1463 vel
1435 1437 1581 1464 concessis
1606 1436 1778 1472 abutuntur,

999 1482 1031 1508 ut
1044 1481 1138 1509 Adam
1146 1491 1154 1516 ,-
1170 1482 1218 1510 vel
1232 1490 1294 1510 non
1305 1490 1444 1511 concessa
1458 1491 1562 1519 rapere
1578 1485 1732 1518 conantur,
1747 1485 1779 1512 ut

1000 1527 1119 1556 Lucifer.

1189 1609 1214 1642 C
1222 1609 1250 1641 A
1259 1609 1285 1641 P
1294 1609 1323 1642 U
1331 1609 1357 1642 T
1396 1610 1428 1642 X
1436 1610 1467 1643 X
1475 1610 1528 1643 XI
1537 1610 1579 1645 V.

1226 1688 1264 1714 Dc
1278 1688 1469 1716 Misericordia
1486 1689 1546 1716 Dei.

1032 1763 1241 1798 Misericordia,
1253 1764 1417 1792 secundum
1430 1766 1654 1802 etymologiam,
1671 1767 1778 1796 dicitur

996 1810 1089 1838 tribus
1104 1811 1211 1838 modia.
1226 1811 1323 1839 Primo
1340 1812 1446 1840 dicitur
1460 1813 1675 1849 misericordia,
1691 1815 1777 1851 quasi

995 1858 1133 1885 miseriam
1148 1858 1236 1885 cordis
1254 1858 1400 1892 dividens,
1417 1859 1491 1887 sicut
1509 1861 1652 1896 accipitur
1674 1862 1705 1889 in
1725 1861 1777 1890 illa

996 1904 1168 1932 auctoritate
1185 1913 1190 1931 :
1211 1913 1225 1930 «
1242 1905 1312 1933 Cceli
1326 1913 1387 1933 non
1409 1906 1542 1942 indigent
1560 1908 1774 1944 misericordia,

996 1951 1067 1986 quia
1078 1951 1109 1978 in
1124 1951 1165 1978 eis
1180 1951 1262 1979 nulla
1275 1954 1317 1979 est
1335 1952 1463 1981 miseria.
1480 1965 1492 1980 n
1512 1955 1682 1983 Secundum
1696 1956 1775 1984 hunc

995 1997 1121 2025 modum
1140 1998 1344 2026 misericordia
1363 2000 1555 2029 solummodo
1577 2004 1618 2029 est
1640 2002 1670 2030 in
1685 2004 1771 2030 terra.

995 2044 1130 2071 Secundo
1159 2045 1251 2073 modo
1281 2046 1388 2074 dicitur
1412 2047 1496 2082 quasi
1520 2050 1628 2076 mittens
1657 2057 1773 2077 seorsum

994 2093 1080 2119 cordis
1094 2094 1218 2126 rigorem,
1232 2093 1305 2120 sicut
1315 2093 1457 2129 accipitur
1468 2094 1508 2121 ibi
1524 2096 1542 2112 ¹¹
1559 2105 1564 2122 :
1583 2097 1773 2124 Misericordia

995 2142 1019 2165 ct
1034 2140 1133 2166 veritas
1147 2139 1320 2166 obviaverunt
1335 2141 1387 2166 sibi
1398 2149 1407 2167 .·
1420 2148 1490 2168 nam
1503 2141 1610 2170 veritas
1624 2151 1677 2178 per
1692 2143 1773 2179 rigo-

993 2193 1057 2212 rem
1076 2185 1224 2220 procedit‚·
1245 2185 1298 2213 sed
1320 2186 1523 2215 misericordia
1542 2188 1622 2216 hunc
1642 2189 1774 2225 rigorem

994 2234 1147 2267 temperat,
1163 2240 1356 2260 remunerans
1383 2242 1474 2270 supra
1493 2235 1643 2271 meritum,
1670 2239 1697 2264 et
1719 2245 1774 2273 pu-

993 2279 1077 2306 niens
1093 2279 1164 2307 citra
1184 2279 1369 2315 condignum
1385 2290 1391 2308 :
1410 2281 1451 2308 sic
1471 2284 1513 2309 est
1527 2283 1731 2312 misericordia
1743 2285 1774 2312 in

994 2326 1080 2361 coelo,
1096 2329 1123 2355 et
1137 2326 1167 2354 in
1182 2327 1306 2355 inferno.
1322 2327 1415 2355 Tertio
1430 2329 1522 2356 modo
1540 2329 1646 2358 dicitur
1660 2331 1774 2359 miseri-

994 2373 1108 2408 cordia,
1134 2374 1218 2409 quasi
1240 2376 1311 2401 mim
1334 2376 1456 2402 suavitas
1479 2377 1573 2410 rigans
1601 2377 1705 2404 corda:
1732 2378 1772 2405 sic

993 2420 1196 2448 misericordia
1223 2421 1351 2448 maxime
1373 2423 1415 2449 est
1439 2422 1469 2449 in
1486 2423 1569 2450 coelo.
1595 2424 1672 2451 Licet
1693 2424 1772 2453 enim

993 2469 1068 2495 Deus
1083 2467 1119 2494 sit
1131 2468 1241 2502 justus,
1258 2467 1330 2495 sicut
1351 2470 1378 2495 et
1392 2468 1574 2505 misericorS,
1589 2472 1686 2498 tamen
1702 2472 1773 2499 dici-

995 2515 1039 2542 tur
1054 2514 1080 2542 ei
1094 2514 1249 2550 proprium
1260 2523 1322 2542 esse
1332 2515 1475 2548 misereri,
1491 2517 1588 2552 potius
1604 2525 1694 2553 quam
1707 2526 1769 2546 csse

992 2595 1023 2600 -
1038 2582 1120 2611 ⁸Act.‚
1135 2588 1188 2610 mv,
1206 2583 1243 2605 21.
1255 2594 1285 2598 —-
1298 2582 1397 2613 ςἸοαη.,
1412 2589 1448 2613 ix,
1463 2585 1563 2608 3.-10
1574 2584 1639 2614 Tob„
1652 2590 1682 2616 11,
1699 2586 1769 2610 12.—

994 2617 1013 2634 ¹¹
1028 2617 1094 2642 Psal.
1112 2623 1215 2647 Lxxxiv,
1230 2620 1267 2643 11.

1025 2660 1059 2692 (a)
1077 2660 1150 2692 Vulg.
1167 2660 1225 2686 add.
1242 2662 1431 2686 tormentorum.
1441 2675 1471 2680 —
1485 2661 1519 2694 (b)
1534 2662 1608 2697 Vulg.
1621 2664 1737 2694 posteris.
