2004 3037
173 217 234 249 476

173 282 433 317 illuminationem,
447 283 477 312 et
489 282 713 319 perfectionem,
729 291 797 321 quae
809 285 880 314 sunt
892 283 955 314 dei-

171 329 283 359 formes
310 329 499 366 operationes
508 351 518 365 ,
545 337 601 359 nos
631 331 692 360 Deo
722 330 952 361 conformantes.

173 377 292 413 Oportet
315 376 404 412 igitur
429 377 564 406 volentes
586 377 748 407 deiformes
765 377 953 416 operationes

173 423 291 460 operari
304 431 367 452 esse
381 423 591 460 hierarchicos,
602 424 636 453 id
645 427 700 460 est,
710 425 788 454 bene
799 425 954 454 ordinatos

172 471 212 500 ad
225 470 450 500 similitudinem
465 471 606 507 angelicae
618 471 808 508 hierarchiae,
825 475 857 501 ut
871 473 954 501 vide-

170 517 239 547 licet
265 517 430 546 secundum
457 526 614 555 supremas
645 513 833 555 operationes
861 519 954 548 simus

171 565 247 594 bene
262 564 391 593 ordinati
405 564 445 592 ad
460 566 552 593 Deum
560 575 568 601 ;
584 565 750 594 secundum
765 566 898 601 mediam,
912 567 953 595 ad

171 611 386 648 nosmetipsos3
408 611 574 640 secundum
597 612 718 641 ultimas
740 613 802 642 sive
822 613 953 648 infimas,

171 659 263 687 simus
282 658 359 687 bene
379 658 509 687 ordinati
530 661 676 696 quantum
690 660 730 689 ad
748 660 905 690 exteriora.
921 662 954 690 Et

171 706 213 734 sic
228 706 338 735 erimus
352 706 480 736 totaliter
495 707 634 744 ordinati,
646 709 674 737 et
685 708 874 746 operationes
884 717 954 738 nos-

171 755 222 782 trae
236 753 411 790 deiformes,
433 756 461 782 et
476 755 535 783 Deo
555 756 681 792 aeceptae
700 757 802 790 erunt,
816 756 889 793 quia
899 764 954 793 per

171 808 221 829 eas
232 808 407 838 purgamur,
418 801 623 831 illuminamur
635 803 664 831 et
676 803 858 839 perficimur.
869 804 903 831 Et
915 811 954 832 ex

171 850 240 876 tunc
255 848 364 876 erimus
383 847 485 877 idonei
500 849 541 877 ad
559 849 762 886 purgandum,
777 849 952 878 illuminan-

172 894 246 923 dum
268 896 296 923 et
319 895 538 932 perficiendum
563 896 639 925 alios
664 896 856 933 dispositive,
881 897 954 933 quia

171 950 274 970 sumus
292 942 482 978 coadjutores
503 942 563 978 Dei,
586 943 637 980 qui
658 943 741 971 solus
754 943 812 972 hoe
826 943 897 972 facit
910 943 953 972 ef-

170 988 285 1017 fective.
305 989 343 1017 De
361 989 418 1018 hoc
439 989 508 1018 vide
529 997 634 1026 supra,
655 990 759 1019 itinere
774 990 876 1025 tertio,
892 990 953 1018 dis-

170 1036 311 1064 tinctione
326 1037 443 1072 quarta.

207 1082 304 1111 Primo
319 1083 418 1119 igitur,
434 1085 466 1112 ut
479 1085 622 1120 tanquam
643 1084 719 1113 bene
741 1083 871 1113 ordinati
888 1084 953 1113 dei-

171 1129 304 1159 formiter
319 1138 477 1167 operemur
496 1131 599 1167 quoad
612 1133 720 1167 Deum,
735 1131 775 1159 ad
787 1130 954 1160 similitudi-

172 1184 240 1205 nem
253 1185 397 1213 supremoe
404 1178 546 1213 angelicae
555 1178 740 1214 hierarchiae,
751 1178 782 1206 in
793 1187 864 1215 qua,
879 1179 954 1207 sieut

172 1224 243 1252 dicit
257 1224 433 1259 Beruardus,
445 1224 523 1252 lihro
533 1225 638 1261 quinto
655 1226 687 1253 de
701 1226 921 1253 Consicleracione
932 1227 952 1261 ¹,

172 1272 246 1299 Deus
257 1271 286 1299 in
302 1271 455 1308 Seraphim
465 1273 544 1300 amat
555 1274 585 1299 ut
599 1272 735 1306 charitas,
748 1272 778 1300 in
793 1272 952 1300 Cherubim

171 1318 265 1347 noscit
279 1320 311 1346 ut
325 1319 446 1353 veritas,
466 1319 497 1347 in
515 1319 637 1347 Thronis
659 1319 741 1347 sedet
760 1321 791 1347 ut
805 1320 927 1356 oequitas
943 1329 950 1348 :

171 1368 286 1403 oportet
298 1366 387 1394 etiam
402 1368 433 1394 nt
447 1374 513 1400 nOS,
525 1369 669 1403 quantum
679 1375 849 1402 possumus,
860 1368 951 1395 Deum

170 1421 320 1440 summum
341 1412 456 1441 bonum
472 1413 648 1449 diligamus,
663 1416 694 1442 ut
714 1422 864 1442 summam
879 1413 952 1442 veri-

170 1460 261 1488 tatem
276 1468 508 1495 cognoscamuS,
529 1462 556 1488 et
570 1463 601 1489 ut
619 1468 769 1488 summam
783 1460 952 1496 aequitatem

170 1506 201 1535 in
216 1506 304 1535 nohis
320 1509 490 1535 teneamus:
507 1509 534 1535 et
549 1507 590 1535 sic
606 1508 717 1535 erimus
732 1507 807 1535 bene
823 1507 951 1536 ordinati

171 1554 273 1590 quoad
289 1555 380 1582 Deum
396 1562 448 1590 per
464 1554 624 1582 deiformes
646 1555 844 1591 operationes,
869 1555 950 1591 quia,

170 1601 244 1629 sieut
265 1601 336 1629 dicit
350 1601 550 1629 Linconicnsis
563 1609 643 1637 super
659 1602 817 1636 Anqeh'cam
839 1602 952 1629 Hiarar-

171 1649 260 1676 chiam
275 1657 286 1676 :
303 1658 317 1674 (ι
330 1649 494 1677 Intellectus
514 1649 662 1677 humanus
685 1650 715 1677 in
736 1658 789 1677 suo
810 1657 950 1685 supremo

170 1695 265 1731 gradu
283 1695 321 1723 ad
336 1696 414 1722 intus
430 1696 519 1723 habet
532 1698 563 1723 ut
578 1696 689 1724 ferveat.
704 1704 806 1723 amore
822 1704 889 1723 cum
904 1697 952 1724 Se-

170 1742 307 1777 raphim,
329 1742 425 1769 lueeat
448 1743 569 1770 scientia
592 1750 660 1770 cum
675 1743 851 1776 Cherubim,
868 1742 950 1778 spiri-

172 1788 258 1816 tualis
273 1789 366 1816 factus
378 1789 491 1824 judicet
506 1789 607 1816 omnia
622 1797 689 1816 eum
702 1789 835 1817 Thronis.
851 1799 864 1815 »

207 1835 354 1869 Secundo,
370 1838 400 1862 ut
412 1837 555 1871 tanquam
567 1835 641 1862 hene
653 1835 780 1863 ordinati
793 1836 870 1862 circa
884 1843 951 1863 nos-

170 1882 326 1918 metipsos,
343 1882 500 1909 deiformes
520 1882 707 1917 operationes
730 1889 889 1918 operemur
911 1882 950 1910 ad

169 1928 393 1956 similitudinem
417 1928 522 1956 modim
546 1928 687 1963 angelicae
711 1928 899 1962 hierarchiae,
921 1928 951 1956 in

169 1983 241 2011 qua,
263 1975 337 2003 sicut
359 1975 430 2003 dicit
444 1975 610 2003 Bernardus
626 1975 677 2002 ubi
693 1982 794 2010 supra,
809 1976 882 2002 Deus
898 1974 951 2003 do-

168 2023 297 2050 minatur
316 2024 347 2050 ut
363 2022 511 2057 majestas,
532 2024 672 2057 operatur
688 2023 718 2048 ut
735 2022 837 2055 virtus,
854 2024 952 2049 tuetur

169 2070 290 2097 utsalus
304 2079 309 2097 z
327 2071 442 2104 oportet
458 2072 489 2096 ut
504 2069 591 2096 etiam
610 2076 664 2096 nos
680 2076 768 2095 omne
785 2068 951 2103 impediens

168 2116 425 2151 participationem
453 2116 562 2142 divinse
592 2115 806 2142 dominationis
830 2123 951 2150 supi-re-

168 2171 245 2195 mus,
262 2165 292 2189 ut
304 2170 396 2198 opera
407 2163 543 2190 omnium
557 2162 698 2189 virtutum
710 2161 875 2189 seeundum
887 2170 951 2196 gra—

169 2210 240 2236 tiam
255 2209 341 2236 nobis
357 2209 453 2236 (latum
470 2208 601 2236 studiose
614 2217 749 2241 agonum,
764 2211 794 2236 ut
810 2209 951 2236 omnibus

169 2255 344 2283 inordinatis
366 2256 496 2282 motibus
515 2258 542 2282 et
561 2255 793 2290 impulsionibus
817 2258 951 2291 potenter

169 2302 356 2336 resistamus3
379 2304 406 2329 et
426 2302 491 2335 illa,
518 2304 548 2329 ut
567 2309 743 2336 possuniuS,
763 2301 951 2329 inferioribus

171 2349 426 2377 communicemus
443 2357 449 2375 :
469 2349 497 2375 et
512 2349 552 2375 sie
568 2349 676 2375 erimus
689 2348 764 2375 bene
779 2348 905 2375 ordinati
921 2349 950 2376 in

171 2395 258 2423 nobis
283 2403 336 2430 per
359 2395 518 2422 deiformes
540 2395 743 2430 operationes,
767 2395 854 2430 quia,
879 2396 952 2422 sicut

171 2441 242 2469 dicit
256 2441 456 2469 Linconiensis
473 2441 540 2476 (ubi
564 2441 683 2476 supra),
701 2451 715 2466 «
730 2441 759 2467 in
774 2441 874 2469 media
889 2442 951 2469 hie-

171 2490 286 2518 rarchia
305 2492 406 2518 nostra
421 2492 548 2526 oportet,
565 2490 648 2525 quod
671 2490 860 2517 dominemur
883 2498 950 2517 eum

171 2537 438 2570 nominationibus,
449 2539 480 2564 ut
490 2536 579 2564 sortes
593 2536 683 2564 simus
695 2545 764 2563 eum
779 2536 949 2571 Virtutibus!⁴

171 2585 203 2611 ut
218 2584 345 2612 ordinati
361 2585 451 2613 simus
466 2593 533 2613 cum
550 2584 753 2612 Potestatibus.
770 2594 783 2610 i·

206 2647 210 2659 ¹
237 2647 325 2676 Beru..
350 2647 378 2670 de
404 2647 543 2677 Consz‘dest„
568 2647 612 2671 lit»
639 2648 677 2677 V,

173 2682 183 2697 ¹
195 2682 318 2712 Macrob.‚
335 2690 359 2705 tn
377 2690 455 2706 somn.
472 2684 551 2714 Scio,
567 2690 589 2707 e.
606 2689 666 2707 viii.

702 2647 825 2677 c.1,in
853 2647 895 2671 fin.
922 2661 951 2664 —

585 215 636 248 DE
656 215 816 249 SEPTEM
837 215 1064 250 ITINERIBUS
1086 215 1376 251 AETERNITA'I'IS.

1044 285 1158 320 Tertio,
1172 287 1316 323 tanquam
1328 285 1407 315 bene
1421 285 1552 315 ordinati
1567 285 1608 315 ad
1626 286 1788 322 exteriora,

1009 339 1169 369 operemur
1183 332 1342 362 deiformes
1356 332 1545 370 operationes
1561 332 1602 361 ad
1619 331 1789 362 similitudi-

978 404 982 407 .
1008 386 1080 408 nem
1092 379 1204 409 infimoe
1221 380 1363 416 angelieae
1381 379 1566 415 hierarchiae,
1579 379 1612 408 in
1624 386 1687 417 qua
1701 380 1790 415 neus,

1009 426 1084 455 sicut
1096 427 1168 456 dicit
1180 427 1348 456 Bernardus
1364 427 1428 464 (ubi
1440 427 1552 463 supra),
1564 426 1641 463 regit
1654 427 1688 455 ut
1703 426 1787 463 prin-

1009 472 1136 510 cipium,
1159 473 1272 503 revelat
1291 476 1324 503 ut
1344 474 1413 508 lux,
1437 476 1466 502 et
1491 473 1598 502 assistit
1621 474 1655 501 ut
1675 473 1788 510 pietas;

1009 522 1126 557 oportet
1139 522 1173 550 ut
1182 521 1284 550 omnia
1295 520 1505 558 exemplariter
1515 520 1556 549 ad
1567 519 1700 556 primum
1710 519 1790 556 prin-

1009 567 1122 604 cipium
1133 575 1308 597 revocemus
1320 589 1328 603 ,
1343 570 1376 596 ut
1389 568 1491 596 lumen
1504 567 1634 595 veritatis
1647 565 1747 595 verbis
1761 568 1791 595 et

1008 613 1092 643 factis
1113 615 1179 644 aliis
1193 615 1396 650 ostendamus,
1410 617 1443 643 ut
1457 622 1547 651 opera
1565 613 1682 650 pietatis
1695 613 1790 642 omni-

1008 660 1066 689 bus
1080 661 1187 702 devote
1201 662 1396 690 exhibeamus
1411 670 1419 689 :
1436 661 1519 689 etsie
1534 660 1644 689 erimus
1658 659 1789 689 ordinati

1009 708 1114 745 quoad
1151 709 1299 737 exteriora
1323 716 1379 745 per
1400 707 1560 737 deiformes
1582 708 1789 744 operationes,

1009 755 1091 792 quia,
1115 755 1188 784 sieut
1203 755 1274 783 dieit
1287 754 1488 783 Linconiensis
1506 754 1577 791 (ubi
1591 756 1706 790 supra),
1725 762 1740 780 α
1753 754 1786 782 in

1009 802 1114 830 ultima
1139 803 1241 830 nostra
1263 801 1430 830 hierarchia
1456 802 1591 838 oportet,
1618 803 1651 829 ut
1677 800 1788 838 prinei-

1008 857 1116 885 pemur
1134 857 1203 877 cum
1217 848 1413 885 Principibus,
1429 847 1540 876 scilicet
1553 847 1654 876 media
1674 847 1715 876 ad
1726 847 1790 884 pri-

1009 903 1092 924 mum
1108 895 1288 932 principium
1302 895 1490 931 redueendo3
1506 897 1537 923 ut
1550 894 1719 923 revelemus
1737 901 1790 922 ve-

1009 942 1123 970 ritatem
1153 951 1222 971 eum
1249 942 1439 977 archangelis
1455 962 1464 975 ,
1490 944 1519 970 et
1542 941 1591 978 pie
1619 941 1791 969 assistamus

1009 988 1154 1026 indigenti
1178 997 1248 1017 cum
1262 989 1390 1024 Angelis.
1407 999 1421 1015 »
1438 990 1471 1017 Ut
1485 988 1574 1025 igitur
1596 988 1667 1016 dicit
1681 987 1789 1024 Diony—

1008 1036 1086 1071 sius,
1104 1046 1118 1062 «
1135 1036 1275 1064 Divinitas
1296 1035 1420 1064 coelestis
1438 1036 1554 1063 animos
1573 1035 1656 1072 prius
1670 1037 1791 1063 natura-

1008 1082 1074 1111 liter
1095 1083 1234 1117 mundat,
1249 1085 1353 1119 postea
1376 1083 1534 1117 illuminat,
1559 1085 1588 1110 et
1607 1081 1790 1110 illuminatos

1009 1130 1123 1165 perficit
1145 1129 1184 1158 ad
1209 1129 1398 1166 operationes
1419 1129 1608 1166 perfectionis
1633 1130 1691 1157 Deo
1714 1136 1788 1156 eon-

1009 1176 1129 1206 t'ormes.
1144 1186 1159 1204 2>
1176 1177 1241 1205 liaee
1255 1177 1316 1205 ille.

1241 1269 1486 1304 DISTINCTIO
1513 1269 1553 1303 V.

1039 1347 1164 1381 Qualiter
1185 1347 1285 1375 diversi?
1305 1347 1404 1382 ymetus
1423 1347 1564 1381 utriusque
1582 1347 1755 1382 operationis,

1191 1393 1233 1419 vel
1252 1393 1366 1428 specics,
1386 1391 1601 1427 distinyuantur.

1043 1461 1149 1495 Quinto
1174 1460 1340 1489 videndum
1362 1462 1405 1488 est
1427 1460 1574 1497 qualiter,
1594 1460 1625 1488 in
1651 1460 1785 1497 utrisque

1007 1508 1250 1544 operationibus,
1275 1507 1382 1535 diversi
1400 1507 1510 1543 gradus
1525 1506 1570 1535 vel
1591 1507 1704 1543 species
1727 1507 1786 1535 dis-

1007 1556 1187 1591 tinguantur.
1210 1555 1265 1583 Sed
1293 1555 1364 1590 quia
1383 1555 1420 1582 de
1449 1554 1672 1591 operationibus
1701 1553 1787 1590 spiri-

1007 1602 1156 1637 tualibus,
1173 1604 1261 1638 prout
1281 1601 1444 1638 respiciunt
1464 1602 1556 1629 vitam
1581 1600 1786 1637 contemplati-

1006 1657 1092 1684 vam,
1109 1658 1199 1685 supra
1219 1649 1330 1677 dictum
1353 1651 1395 1676 est
1416 1649 1446 1675 in
1468 1649 1551 1676 tertio
1572 1648 1690 1682 itinere,
1717 1647 1783 1675 dist.

1007 1699 1111 1732 quarta
1127 1696 1159 1723 de
1174 1696 1308 1724 tir-adibus
1328 1696 1579 1730 contemplationis,
1600 1694 1668 1722 ideo
1692 1693 1784 1722 modo

1007 1743 1168 1770 dicendum
1183 1744 1225 1769 est
1248 1743 1284 1769 de
1300 1742 1443 1777 gradibus
1457 1740 1681 1776 operationum,
1696 1742 1785 1776 prout

1005 1789 1166 1825 respiciunt
1185 1789 1276 1816 vitam
1295 1788 1430 1816 activam.
1447 1789 1479 1815 Et
1501 1787 1598 1823 primo
1623 1787 1784 1815 dicendum

1006 1838 1047 1864 est
1061 1836 1096 1863 dc
1111 1835 1254 1871 gradihus
1268 1835 1475 1871 operationum
1493 1833 1682 1869 virtualium,
1697 1835 1786 1870 prout

1006 1883 1182 1910 ordinantur
1205 1881 1243 1910 ad
1262 1881 1433 1917 proximum
1441 1890 1448 1915 ;
1477 1880 1609 1908 secundo
1622 1901 1630 1914 ‚
1651 1882 1684 1908 ut
1706 1879 1785 1909 ordi·

1005 1931 1113 1957 nantur
1125 1929 1154 1956 in
1166 1928 1323 1964 proprium
1338 1927 1519 1963 subjectum
1537 1930 1564 1955 et
1578 1927 1660 1955 tertio
1672 1948 1681 1962 ,
1698 1929 1785 1963 prout

1006 1976 1181 2004 ordinantur
1196 1976 1235 2003 ad
1251 1977 1352 2003 Deum.

1041 2023 1154 2051 Gradus
1169 2022 1379 2058 operationum
1392 2021 1573 2056 virtualium,
1588 2024 1678 2057 prout
1691 2021 1783 2049 modo

1005 2070 1115 2106 loquor
1128 2069 1165 2097 de
1182 2069 1347 2103 virtutibus,
1364 2068 1525 2096 consistunt
1539 2068 1569 2095 in
1584 2070 1711 2103 quatuor
1726 2069 1785 2095 vir-

1005 2117 1116 2145 tutibus
1137 2116 1355 2150 cardinalibus,
1381 2123 1508 2151 quarum
1533 2114 1671 2150 quaelibet
1695 2114 1785 2143 habet

1005 2164 1107 2199 plures
1134 2163 1254 2198 gradus,
1284 2165 1316 2190 ut
1345 2162 1472 2190 ostendit
1498 2162 1675 2196 Macrobiu5‚
1706 2161 1783 2190 libro

1005 2210 1103 2246 primo
1118 2209 1129 2225 ²
1144 2210 1181 2237 de
1197 2211 1325 2246 quatuor
1338 2208 1505 2242 virtutihus,
1522 2208 1574 2235 ubi
1589 2208 1692 2236 recitat
1707 2208 1784 2236 dicta

1006 2257 1145 2291 Platonis,
1169 2256 1219 2292 qui
1242 2255 1394 2290 distinguit
1416 2257 1544 2290 quatuor
1566 2262 1676 2290 genera
1690 2255 1783 2282 virtu-

1006 2306 1080 2337 tum,
1096 2310 1224 2339 quarum
1239 2302 1376 2338 quaedam
1393 2302 1532 2330 dicuntur
1546 2301 1683 2337 politicae,
1703 2309 1783 2337 quee-

1007 2351 1078 2377 dam
1092 2349 1282 2385 purgatoriae,
1299 2348 1440 2384 quaedam
1453 2348 1570 2383 purgati
1585 2347 1687 2382 animi,
1703 2355 1782 2383 quae-

1007 2398 1078 2425 dam
1111 2396 1305 2432 exemplares.
1336 2396 1438 2423 l‘rimae
1466 2395 1604 2423 ordinant
1630 2395 1782 2422 hominem

1007 2444 1109 2480 quoad
1124 2444 1314 2479 proximum3
1331 2442 1484 2476 secundae,
1500 2442 1601 2477 quoad
1618 2442 1783 2476 subjectum

1005 2491 1161 2527 proprium
1168 2500 1176 2525 3
1200 2489 1306 2523 tertize,
1322 2489 1424 2525 quoad
1440 2491 1529 2516 Deum
1535 2497 1543 2523 3
1566 2490 1676 2524 quartae
1698 2488 1784 2523 perfi-

1007 2538 1087 2565 ciunt
1103 2537 1186 2564 alias.
1202 2536 1329 2564 politici-u
1348 2537 1432 2570 sunt,
1450 2535 1557 2571 quibus
1572 2534 1645 2562 boni
1659 2535 1714 2562 viri
1729 2534 1783 2562 rei-

1007 2584 1133 2620 publieae
1145 2584 1313 2618 consulunt,
1327 2584 1434 2611 urbem
1445 2585 1573 2617 tuentur,
1588 2585 1724 2618 parentes
1735 2590 1783 2611 ve-

1007 2632 1164 2665 nerantur,
1188 2630 1299 2658 liberos
1321 2632 1440 2665 amant,
1461 2629 1615 2666 proximos
1637 2630 1781 2665 diligunt,

1008 2678 1086 2706 cives
1100 2685 1170 2706 suos
1187 2677 1263 2705 bene
1279 2677 1454 2713 gubernant.
1470 2676 1648 2713 Purgatorioe
1662 2676 1782 2704 virtutes

1797 2410 1896 2434 Quatuor

1808 2446 1890 2466 genera

1810 2471 1877 2491 vii-tu-

1824 2504 1880 2523 tum.
