2004 3037
235 280 292 311 140

235 354 272 375 ex
286 342 522 374 consideratione
533 339 728 374 necessitatis,
743 340 772 367 et
785 337 827 367 sie
840 335 1014 366 conceditur

237 390 409 430 parentibus
435 388 626 418 saecularibus
649 387 690 416 ob
713 385 916 415 necessitatem
938 382 1015 412 filio-

235 447 303 467 rum
317 436 563 470 educandorum,
576 435 625 463 vel
639 434 769 463 filiarum
791 431 934 467 conjugio
953 432 1015 458 tra-

237 484 415 518 dendarum,
426 491 489 512 non
503 483 603 511 autem
618 481 819 513 ditandarum,
830 478 884 506 sed
896 478 1014 506 servato

237 532 330 560 modo
343 531 392 560 vel
406 532 482 560 statu
495 537 630 568 personae
639 551 648 566 ,
663 528 722 558 alio
735 527 828 556 modo
843 527 885 554 est
899 525 1016 553 thesau-

236 579 329 607 rizare
347 586 383 607 ex
401 577 638 606 consideratione
653 575 781 613 publicae
795 572 945 607 utilitatis„
961 571 1017 599 sei-

237 626 305 654 licet
330 625 415 661 regni
443 623 624 653 defendendi
639 643 649 658 ,
676 622 725 650 vel
753 621 848 650 cultus
875 619 925 647 Dei
953 626 1016 646 am-

237 672 368 710 pliandi,
384 673 412 700 et
430 671 471 699 sic
495 677 669 699 eoncessum
696 671 740 697 est
762 667 883 704 regibus
901 666 1018 694 thesau-

238 720 339 747 rizare.
369 717 503 747 personis
534 719 634 746 autem
663 714 868 744 ecclesiasticis
894 711 1017 750 proprie

238 774 395 803 nunquam
409 764 605 794 thesaurizare
619 763 705 798 licet,
718 770 773 790 nec
798 760 959 798 pecuniam
979 761 1020 787 te-

240 821 311 841 nere
333 811 496 840 intentione
521 810 670 839 servandi.
695 808 887 838 Ambrosius¹
905 816 912 834 :
932 816 945 832 α
959 808 1018 834 Au-

240 868 308 889 rum
320 859 411 888 habet
425 858 555 887 Ecclesia
565 879 575 893 ,
590 865 652 886 non
666 858 698 885 ut
711 857 823 890 servet,
838 854 892 882 sed
905 855 937 881 ut
952 861 1017 881 ero-

241 909 299 943 get.
315 916 329 933 n

278 955 320 982 Ex
335 952 483 990 praedictis
497 952 595 989 patet,
610 949 693 987 quod
716 947 827 984 duplex
849 948 945 984 potest
959 953 1022 974 esse

242 1008 327 1029 amor
340 999 474 1037 pecuniae
497 999 558 1027 sive
584 996 815 1033 temporalium,
831 993 942 1022 scilieet
962 1000 1023 1020 res-

241 1049 329 1084 pectu
342 1045 518 1080 necessarii,
533 1044 730 1080 vel-respectu
746 1040 900 1078 superflui.
915 1041 1024 1068 Contra

242 1094 373 1131 primum
387 1092 527 1129 prohihet
546 1090 689 1119 Dominus
707 1088 916 1126 praetocantem
938 1086 1021 1115 solli-

243 1140 404 1169 citudinem
411 1148 419 1175 3
435 1140 537 1167 eontra
557 1137 722 1166 secundum
741 1135 881 1172 prohibet
903 1133 1023 1162 thesau-

243 1188 427 1216 rizationem.

281 1236 322 1263 Ex
346 1233 471 1262 avaritia
492 1233 656 1269 sequuntur
679 1230 773 1258 multa
796 1229 884 1257 mala.
909 1228 1024 1262 Primo,

246 1282 317 1318 quia
331 1288 349 1309 a
364 1282 421 1308 Deo
440 1278 626 1307 maledicitur
643 1287 650 1306 z
668 1277 847 1313 Augustinus
866 1277 887 1303 ²:
907 1286 921 1302 u
935 1274 1023 1303 Male-

246 1328 341 1356 dictus
358 1327 543 1363 dispensator
557 1333 664 1354 avarus
674 1346 682 1359 ,
696 1324 779 1359 cujus
795 1323 897 1358 largus
911 1324 953 1350 est
967 1323 1023 1349 Do-

246 1375 354 1403 minus.
370 1384 384 1400 »
400 1375 426 1401 ⁶2..
441 1374 563 1409 Semper
578 1374 644 1408 eget
660 1371 855 1406 {lieronymus
872 1379 878 1397 :
899 1379 911 1394 α
927 1372 1024 1396 Avaro

248 1424 307 1450 tam
319 1421 401 1449 deest
413 1420 495 1457 quod
510 1419 614 1453 habet,
625 1426 717 1455 quam
728 1417 811 1453 quod
823 1424 883 1444 non
896 1415 994 1443 habet.
1009 1427 1021 1441 n

247 1470 273 1496 3.
292 1468 400 1497 Stultus
415 1468 562 1495 mereator
583 1467 626 1493 est
647 1465 699 1501 qui
722 1472 848 1499 regnum
869 1463 1024 1496 cselorum,

248 1516 309 1544 imo
326 1514 425 1551 ipsum
444 1512 589 1541 Christum
604 1511 705 1540 vendit
729 1519 784 1547 pro
806 1509 909 1546 paucis
934 1509 1026 1537 dena-

248 1562 298 1590 riis
319 1570 325 1589 :
342 1564 369 1590 et
396 1562 518 1597 propter
545 1559 602 1587 hoe
628 1566 705 1594 soepe
733 1558 818 1594 pejor
847 1559 889 1584 est
919 1564 1026 1584 avarus

248 1609 357 1642 homo,
369 1616 460 1644 quam
474 1607 536 1643 ipse
550 1606 655 1639 Judas,
667 1605 718 1641 qui
731 1604 866 1632 vendidit
881 1604 1027 1632 Christum

250 1656 368 1691 triginta
383 1654 532 1688 denariis;
548 1653 600 1680 iste
617 1654 715 1680 autem
732 1650 880 1679 interdum
896 1659 951 1686 pro
966 1658 1026 1677 uno

251 1701 383 1730 denario.
398 1703 423 1728 4.
440 1699 719 1735 Corpuseviseerat‚
735 1698 806 1733 quia
821 1697 929 1724 divitiae
940 1697 1027 1732 aqui-

251 1751 355 1777 rantur
376 1755 443 1775 eum
463 1747 567 1774 labore
581 1767 589 1779 ‚
610 1745 800 1781 possidentur
815 1752 883 1771 cum
906 1744 1028 1778 timore,

252 1795 424 1823 amittuntur
439 1802 507 1821 euin
527 1792 642 1820 dolore.
661 1791 740 1819 Unde
757 1791 813 1827 ipsi
830 1791 986 1825 laborant,
1003 1792 1030 1817 et

252 1842 303 1870 alii
317 1842 347 1869 in
366 1841 486 1868 labores
505 1847 608 1867 eorum
625 1846 701 1874 sirpe
720 1838 843 1871 intrant,
858 1837 968 1864 scilicet
982 1836 1028 1864 fu-

253 1897 313 1923 reS,
329 1890 480 1924 raptores,
495 1886 542 1914 vel
556 1886 700 1919 latrones,
716 1885 763 1912 vel
781 1887 856 1912 certe
877 1884 930 1911 tilii
947 1883 1026 1911 mali.

254 1936 300 1963 Isti
324 1934 433 1962 similes
453 1935 520 1962 sunt
544 1940 674 1966 aranese,
692 1940 758 1968 qum
781 1930 918 1958 faciendo
940 1930 1030 1957 telam

254 1989 309 2018 pro
324 1980 470 2017 capienda
484 1988 596 2014 musca,
608 1979 738 2014 seipsam
753 1978 903 2005 eviscerat.
913 1980 938 2004 5.
953 1979 1030 2004 Men—

255 2032 315 2057 tem
329 2029 467 2062 suti'ocat3
486 2027 665 2063 Augustinus
682 2036 688 2054 τ
708 2037 721 2051 «
737 2025 928 2060 Naufragium
943 2025 1030 2059 sugis,

256 2078 284 2103 et
316 2075 475 2112 plumbum
512 2073 708 2110 amplecteris.
733 2083 746 2098 n
774 2072 854 2099 Unde
881 2073 1013 2099 Socrates
1024 2092 1033 2104 ,

257 2130 385 2150 massam
415 2120 528 2156 argenti
557 2120 716 2156 projiciens
745 2119 775 2146 in
803 2126 883 2145 mare
900 2139 909 2152 ,
939 2118 1012 2145 dixit
1026 2127 1031 2144 :

260 2180 272 2194 (ι
298 2171 426 2202 Mergam
441 2170 490 2201 te;
514 2176 549 2194 ne
574 2174 692 2201 mergus
717 2174 774 2193 1110.
797 2176 810 2190 n
829 2168 853 2191 6.
878 2164 1032 2200 Inquinat:

258 2216 267 2232 ³
286 2215 349 2242 Filii
366 2215 451 2241 israel
469 2214 637 2240 serviebant
656 2213 685 2239 in
701 2213 761 2239 luto
778 2214 804 2239 ct
822 2212 922 2238 latere.
940 2215 965 2238 7.
983 2213 1036 2238 Ex-

258 2264 347 2289 emeat
360 2270 366 2287 :
380 2260 551 2296 exemplum
564 2260 601 2286 de
615 2259 722 2292 Tobia,
739 2259 789 2294 qui
806 2258 858 2284 t'uit
873 2260 1035 2285 excwcatus

259 2311 385 2335 stercore
408 2306 613 2334 hirundinum.
636 2308 661 2331 ὃ.
680 2306 735 2331 Cor
759 2304 901 2331 <illuceret
924 2313 929 2331 ;
956 2304 1035 2332 unde

260 2354 369 2382 divitiae
384 2354 594 2388 comparantur
607 2353 614 2368 s·
631 2351 731 2387 spinis.
747 2354 772 2377 9.
786 2350 959 2378 insatiabilis
975 2353 1015 2377 est
1029 2361 1035 2378 z

259 2400 339 2428 unde
363 2402 553 2435 eomparatur
568 2400 577 2415 ὃ
593 2406 678 2425 sicco
701 2399 821 2433 pertuso
834 2418 841 2430 ,
859 2399 886 2424 et
905 2396 1037 2431 inferno,

261 2447 312 2483 qui
328 2448 337 2464 ⁵
357 2454 491 2481 nunquam
514 2446 582 2472 [licie
607 2454 612 2472 ε
636 2445 746 2479 Sufficit
765 2453 772 2474 ;
797 2445 824 2470 et
846 2443 921 2470 mari
944 2444 969 2476 ³,
992 2444 1038 2470 cui

262 2494 363 2522 omnia
378 2493 502 2520 flumina
522 2492 664 2524 influunt,
680 2492 707 2518 et
728 2493 826 2517 tamen
846 2498 907 2516 non
926 2490 1037 2516 redun-

263 2541 329 2574 dat;
344 2542 371 2567 et
385 2539 567 2575 hydropico,
580 2537 631 2573 qui
647 2539 759 2573 quanto
774 2537 841 2572 plus
855 2536 944 2569 bibit,
959 2538 1037 2563 tanto

262 2587 330 2621 plus
347 2586 414 2613 sitit.

297 2662 303 2674 “
323 2660 431 2684 Ambros
444 2678 452 2690 ‚
472 2659 501 2682 (Ie
519 2659 600 2690 Offic„
617 2659 661 2682 lib.
685 2659 720 2687 u,
739 2665 762 2681 e.
782 2662 881 2686 xxvui,
898 2662 924 2679 n.
942 2657 994 2679 137.
1011 2669 1040 2673 —

265 2696 276 2711 ²
288 2695 402 2724 Hieron,
417 2695 450 2719 ad
460 2694 573 2725 Paulin„
588 2694 660 2725 epist.
673 2699 731 2724 cui,
742 2700 822 2724 prope
834 2692 877 2716 tin.
888 2705 918 2710 —
929 2692 937 2705 ³
950 2691 1041 2721 Esod„

269 2737 285 2761 1,
308 2733 343 2755 lt.
364 2745 387 2747 ἠ
408 2731 416 2746 ”
433 2731 500 2762 Luc„
518 2737 575 2756 vni.
594 2732 629 2754 ἤϊ’».
644 2743 672 2748 -
689 2731 698 2747 ὕ
714 2729 788 2760 Α99.,
807 2735 825 2759 1,
843 2730 865 2752 6.
881 2740 911 2745 -
930 2728 939 2744 ⁸
959 2728 1041 2756 Prota,

556 270 815 307 COMPENDIUM
833 266 1094 302 THEOLOGICAE
1115 265 1340 300 VERITATIS.
1363 266 1440 299 LIB.
1465 266 1520 298 111.

1102 333 1183 366 Eiliae
1196 333 1328 363 avaritiae
1344 335 1412 363 sunt
1423 335 1539 371 septem
1556 332 1723 363 secundum
1734 332 1844 368 Grego-

1067 381 1147 409 rium
1161 381 1182 410 ⁸.
1206 381 1304 410 Prima
1325 383 1369 410 est
1393 381 1554 410 obduratio
1581 378 1680 409 cordis
1692 399 1704 414 ,
1724 386 1792 415 qum
1811 377 1846 408 fit

1069 428 1232 457 omittendo
1255 428 1478 466 eleemosynam
1499 439 1507 458 ι
1530 429 1619 457 istam
1641 427 1736 456 filiam
1757 427 1848 455 vocat

1069 474 1200 504 Isidorus
1213 475 1471 505 inhumanitatem.
1481 476 1619 505 Secunda
1632 476 1675 503 est
1684 472 1844 502 violentia:

1069 521 1132 550 haec
1145 521 1179 564 fit
1192 521 1332 551 nocendo
1346 522 1435 551 alicui
1457 522 1560 559 palam
1577 529 1632 559 per
1651 521 1730 549 facta
1742 519 1823 548 mala
1838 528 1846 548 ε

1071 577 1164 606 quam
1189 571 1276 598 vocat
1304 569 1433 598 Isidorus
1461 569 1662 606 rapacitatem.
1685 567 1780 596 Tertia
1805 567 1850 595 est

1071 617 1264 654 inquietudo,
1280 618 1342 646 haec
1357 620 1401 646 est
1414 618 1562 655 appetitus
1584 617 1670 646 lucri.
1686 617 1795 651 Quarta
1805 616 1849 644 est

1071 665 1253 701 perjurium,
1269 664 1354 702 quod
1371 672 1448 701 soepe
1472 664 1576 693 incidit
1595 664 1627 692 in
1651 663 1801 700 emptione
1821 664 1852 691 et

1071 711 1253 740 venditione.
1281 711 1388 746 Quinta
1417 714 1459 740 est
1487 711 1618 746 fallacia,
1643 718 1711 747 quoe
1737 709 1771 738 fit
1796 717 1851 746 per

1072 758 1166 787 verba
1180 758 1355 795 decipientis
1378 759 1410 786 in
1431 758 1558 787 occulto.
1579 759 1664 786 Sexta
1687 759 1731 786 est
1749 756 1849 789 fraus,

1073 805 1136 834 hoee
1146 807 1190 834 est
1199 806 1335 842 deceptio
1345 805 1476 842 perfecta
1491 815 1498 834 :
1514 807 1542 834 et
1565 804 1624 840 hoc
1646 804 1678 832 in
1695 803 1853 841 praesentia

1073 851 1153 880 illius
1168 873 1178 886 ,
1200 852 1252 889 qui
1274 852 1430 889 decipitur.
1455 851 1585 888 Septima
1605 851 1738 887 proditio
1755 871 1764 886 ,
1786 858 1854 887 quae

1075 900 1119 926 est
1144 898 1225 927 idem
1254 898 1338 936 quod
1361 898 1497 935 deceptio
1522 906 1588 934 quae
1610 897 1644 925 fit
1666 897 1697 925 in
1720 895 1854 926 absentia

1076 945 1202 982 decepti.

1342 1024 1486 1059 CAPUT
1509 1024 1585 1058 XX.

1399 1102 1438 1129 De
1452 1101 1532 1129 Gula.

1114 1177 1201 1212 Gula,
1218 1179 1249 1205 ut
1264 1177 1304 1206 ait
1318 1177 1515 1213 Augustinus,
1531 1179 1575 1205 est
1589 1176 1787 1206 immoderata
1798 1177 1858 1206 cibi

1079 1224 1214 1252 aviditas.
1236 1225 1307 1252 item
1325 1224 1397 1260 gula
1415 1226 1457 1252 est
1475 1231 1569 1252 vorax
1587 1224 1731 1259 edacium,
1746 1225 1858 1252 naturae

1080 1271 1190 1300 finibus
1205 1280 1266 1300 non
1281 1274 1428 1300 contenta.

1115 1319 1250 1356 Quinque
1276 1319 1376 1347 modis
1400 1321 1539 1356 peccatur
1567 1319 1644 1347 eirea
1673 1318 1774 1354 gulam
1793 1339 1801 1353 ‚
1826 1321 1858 1347 ut

1081 1366 1153 1394 dicit
1167 1367 1324 1403 Gregorius
1340 1368 1350 1383 ⁹
1364 1376 1370 1395 ι
1388 1367 1485 1403 primo
1495 1388 1503 1401 ‚
1520 1375 1587 1394 cum
1603 1366 1670 1403 quis
1683 1366 1790 1395 horam
1806 1373 1858 1395 eo-

1081 1413 1222 1441 medendi
1236 1413 1378 1449 proevenit
1388 1435 1396 1449 ,
1411 1416 1438 1442 et
1453 1413 1509 1442 hoc
1529 1413 1628 1449 fit‘per
1643 1413 1859 1449 impatientiam

1082 1460 1256 1496 expectandi
1285 1462 1401 1496 tempus
1428 1459 1583 1495 debitum;
1606 1459 1739 1487 seeundo
1756 1480 1766 1494 ‚
1790 1467 1859 1488 eum

1083 1507 1149 1543 quis
1177 1506 1279 1543 quoerit
1303 1506 1414 1535 cibaria
1440 1506 1570 1543 pretiosa
1593 1508 1620 1534 et
1647 1506 1797 1542 delicata,
1821 1506 1858 1535 de

1083 1554 1192 1591 quibus
1202 1553 1341 1582 Ovidius:

1119 1603 1166 1630 Est
1179 1602 1271 1629 virtus
1285 1601 1400 1637 placitis
1415 1600 1590 1629 abstinuisse
1606 1602 1704 1629 bonis.

1120 1649 1175 1676 Sed
1191 1651 1292 1676 contra
1305 1647 1362 1675 hoe
1382 1647 1449 1675 feeit
1468 1647 1552 1676 dives
1566 1648 1614 1675 ille
1628 1648 1660 1682 ¹⁰,
1675 1649 1723 1683 qui
1735 1648 1862 1684 epulaba-

1086 1699 1130 1723 tur
1158 1695 1279 1730 quotidie
1312 1695 1462 1730 splendide.
1497 1694 1591 1722 Tertio
1609 1716 1618 1729 ‚
1644 1694 1767 1731 quando
1797 1694 1863 1731 quis

1087 1750 1257 1769 mensuram
1277 1741 1407 1775 excedit,
1428 1741 1538 1769 scilieet
1556 1742 1644 1769 nimis
1663 1741 1860 1769 comedendo.

1086 1789 1243 1817 Sciendum
1273 1791 1369 1816 tamen
1395 1788 1507 1821 :Quod
1533 1789 1584 1815 uni
1613 1791 1653 1816 est
1675 1788 1810 1815 medium
1837 1789 1864 1816 et

1086 1843 1225 1863 mensura
1241 1834 1342 1862 debita
1354 1855 1363 1868 ,
1384 1835 1440 1862 hoe
1457 1834 1538 1862 alteri
1558 1836 1599 1862 est
1620 1842 1765 1862 excessus.
1783 1834 1863 1862 Unde

1087 1890 1147 1910 non
1172 1881 1300 1909 consistit
1323 1889 1460 1908 mensura
1481 1881 1511 1908 in
1533 1880 1591 1908 cibi
1615 1881 1796 1917 quantitate,
1812 1880 1864 1909 sed

1087 1929 1117 1955 in
1144 1927 1326 1956 comedentis
1345 1927 1496 1963 qualitate.
1514 1929 1721 1955 verumtamen
1740 1927 1865 1964 quidam

1085 1975 1234 2010 jejunium
1255 1982 1343 2002 suum
1365 1976 1591 2010 recompensant
1608 1974 1799 2009 postmodum
1822 1974 1866 2003 ni-

1089 2022 1205 2049 mietate
1228 2021 1405 2057 superflua;
1430 2021 1482 2048 sed
1508 2021 1565 2049 hoe
1601 2021 1674 2057 quid
1698 2021 1780 2049 aliud
1805 2022 1866 2055 est,

1091 2076 1181 2104 quam
1206 2068 1277 2095 dare
1303 2068 1380 2095 duos
1410 2067 1518 2095 obolos
1545 2075 1600 2104 pro
1628 2075 1689 2095 uno
1719 2067 1867 2095 denario?

1091 2116 1216 2148 Quarto,
1232 2114 1355 2150 quando
1372 2114 1460 2142 nimis
1481 2114 1618 2141 ardenter
1638 2121 1671 2141 ae
1684 2113 1786 2141 festine
1802 2113 1869 2149 quis

1092 2161 1220 2189 eomedit
1237 2170 1242 2188 :
1260 2169 1320 2189 non
1335 2161 1414 2188 enim
1435 2169 1505 2187 usus
1524 2160 1677 2194 ciborum,
1692 2159 1744 2187 sed
1761 2167 1869 2188 coneu-

1092 2207 1233 2244 piscentia
1261 2207 1290 2234 in
1318 2207 1389 2234 vitio
1420 2209 1470 2234 est.
1497 2206 1623 2239 Quinto,
1648 2205 1770 2241 quando
1800 2207 1868 2242 quis

1094 2254 1204 2282 cibaria
1237 2261 1288 2280 sua
1323 2253 1410 2280 nimis
1443 2252 1573 2279 studiose
1604 2255 1758 2288 praeparat.
1789 2252 1869 2280 Unde

1093 2300 1258 2328 Bernardus
1275 2300 1294 2316 '¹
1311 2309 1317 2326 :
1338 2309 1350 2324 «
1366 2301 1429 2326 Non
1453 2307 1552 2334 sapor,
1577 2298 1630 2326 sed
1653 2298 1745 2326 fames
1767 2299 1871 2327 excitet

1095 2346 1267 2383 appetitum.
1282 2357 1295 2371 n
1308 2347 1339 2373 ln
1353 2345 1493 2373 omnibus
1508 2345 1554 2372 his
1568 2345 1714 2373 sumenda
1728 2347 1796 2373 sunt
1809 2353 1870 2373 non

1095 2402 1161 2429 quse
1191 2393 1351 2428 voluptas,
1379 2392 1431 2419 sed
1461 2400 1527 2427 quae
1555 2391 1677 2427 requirit
1703 2391 1868 2419 necessitas.

1096 2439 1241 2474 Contingit
1257 2439 1344 2466 etiam
1358 2441 1512 2473 peccatum
1535 2446 1596 2465 esse
1612 2438 1689 2465 cirea
1702 2437 1871 2465 diminutio-

1097 2494 1165 2514 nem
1181 2485 1256 2519 eibi,
1272 2485 1346 2512 sieut
1361 2485 1438 2512 eirea
1453 2484 1695 2520 superfluitatem.

1132 2532 1209 2561 Filiae
1233 2531 1310 2567 guloe
1332 2534 1399 2559 sunt
1423 2531 1555 2567 quinque
1579 2530 1742 2557 seeundum
1765 2531 1871 2566 Grego-

1099 2623 1160 2647 xxx,
1174 2618 1210 2641 ¹5.
1221 2617 1267 2633 —·=
1283 2616 1370 2646 lisele„
1384 2623 1401 2648 ι,
1415 2618 1438 2640 7.
1449 2629 1479 2634 -
1491 2617 1499 2630 ·
1510 2616 1595 2646 erog„
1610 2614 1710 2646 ,itm-111„
1724 2615 1766 2638 lit».
1783 2616 1871 2643 xxxi,

1099 2662 1121 2678 e.
1142 2658 1211 2682 xvu,
1229 2654 1286 2681 post
1308 2653 1376 2676 med.
1404 2666 1430 2670 --
1455 2653 1463 2665 *¹
1489 2651 1576 2682 Greg„
1598 2650 1700 2680 Mor-al„
1727 2651 1769 2674 hh.
1795 2652 1871 2679 XXX,

1099 2697 1120 2713 e.
1138 2694 1201 2717 xlxi,
1221 2686 1288 2711 circu
1304 2688 1371 2711 med.
1388 2701 1417 2705 —-
1434 2688 1452 2704 ¹⁰
1467 2687 1533 2716 Luc„
1550 2691 1603 2716 xvi,
1619 2687 1656 2710 19.
1671 2699 1697 2703 -—-
1716 2688 1729 2699 '¹
1745 2687 1829 2716 Rern„
1844 2686 1872 2709 de

1100 2722 1211 2748 Fornml.
1229 2722 1322 2746 honest.
1341 2724 1404 2746 vitoe.
