2004 3037
613 203 664 236 DE
685 202 866 236 SECUNDO
889 203 1063 236 lTlNERE.
1086 204 1186 236 DIST.
1210 203 1260 237 Ν.

126 277 184 308 que
198 269 295 299 influit
309 270 433 308 diligere
445 270 590 306 invicem,
609 272 638 299 et
655 269 808 299 confoveri
826 271 907 307 pari-

125 318 179 347 ter.
192 318 330 348 Dulciora
347 327 419 356 ergo
433 318 522 348 melle
538 318 642 348 volant
654 318 724 347 hinc
739 318 809 346 inde
819 318 907 347 totius

125 364 157 393 in
170 373 201 394 se
222 366 315 394 verba
328 366 490 402 suavitatis,
507 369 535 396 et
544 365 640 395 mutui
652 365 786 394 feruntur
800 373 906 402 aspec-

125 413 188 448 tus,
209 413 302 442 sancti
322 413 436 442 indices
451 413 578 450 amoris,
599 421 669 441 cum
691 412 771 441 dicat
789 412 862 440 alter
875 412 907 441 in

125 459 252 488 Canticis
269 459 278 476 ¹
300 469 306 488 :
329 461 394 488 Ecce
420 463 449 488 tu
470 460 587 497 pulchra
606 467 652 493 es,
673 461 760 488 amica
780 468 852 494 mea;
879 460 907 487 et

126 506 224 535 statim
246 507 339 536 altera
362 507 473 536 dicat:
496 508 562 536 Ecce
577 510 608 535 tu
620 508 732 543 pulcher
747 515 793 542 es,
810 507 906 535 dilecte

125 556 174 583 mi.
188 554 325 584 Ibidem:
341 555 467 584 Lectulus
481 557 572 583 noster
585 555 710 590 floridus.
727 564 741 581 »
760 555 824 582 lloec
843 553 905 582 ille.

161 601 258 631 Primo
281 601 372 638 igitur
392 602 430 630 de
450 601 503 630 ista
528 601 712 630 allocutione
739 601 907 629 notandum

127 651 188 684 est,
208 649 292 686 quod
313 650 388 677 Deus
413 657 529 677 summe
550 648 695 684 affabilis,
718 650 750 676 ut
770 648 906 685 spiritum

126 695 188 724 sive
206 696 338 725 animam
359 695 399 724 ad
416 695 494 724 hanc
517 695 728 724 allocutionem
750 695 861 724 animet
879 697 907 723 et

126 742 235 778 incitet,
251 742 314 780 ipse
328 743 411 780 prior
423 743 586 779 alloquitur
601 751 678 778 eam,
694 742 818 771 dulciter
832 742 906 770 invi-

126 789 217 818 tando
238 790 278 818 ad
292 797 322 818 se
337 790 571 827 alloquendum,
588 790 690 818 dicens
704 791 714 807 2
729 798 736 818 ε
758 790 837 818 Sonel
854 797 907 817 vox

127 839 175 866 tua
189 839 219 865 in
234 839 344 866 auribus
358 840 424 866 meis
432 860 441 874 ,
463 839 496 866 id
517 840 576 874 est,
594 837 796 866 desideriuum
810 839 905 865 tuum.

127 886 158 913 Et
171 885 270 913 reddit
281 885 360 913 illius
374 886 532 921 rationem,
548 885 649 913 dicens
660 885 670 902 ³
683 894 690 913 :
706 886 766 913 Vooe
780 886 850 912 enim
859 887 908 911 tua

126 931 229 967 dulcis,
249 932 320 968 quia
337 933 473 969 procedit
493 941 512 961 a
530 932 610 961 fonte
633 931 798 960 dulcedinis
817 930 908 967 inspi-

126 981 195 1007 ratae
209 980 357 1008 charitatis
367 1001 377 1016 ,
392 983 420 1009 et
440 989 477 1008 ex
498 979 578 1009 fonte
598 980 733 1008 candidae
753 981 780 1008 et
795 979 907 1015 sapidae

126 1026 271 1062 veritatis,
292 1027 362 1055 ideo
380 1027 412 1054 in
429 1027 534 1063 spiritu
556 1029 584 1056 et
605 1027 725 1055 veritate
749 1027 854 1054 sonent
875 1026 907 1054 in

126 1073 248 1101 auribus
261 1073 346 1103 meis,
366 1076 399 1102 Et
418 1074 489 1110 quia
507 1074 600 1102 verba
614 1076 664 1102 tua
679 1073 825 1102 exteriora
840 1073 907 1101 dul-

126 1122 245 1148 cescunt
273 1128 309 1148 ex
338 1120 498 1149 dulcedine
526 1121 689 1150 verborum
713 1120 905 1155 interiorum,

125 1167 194 1195 ideo
212 1168 222 1185 ¹0
239 1169 330 1202 salvus
345 1168 485 1196 distillans
507 1170 575 1196 sunt
589 1169 663 1196 labia
683 1170 745 1203 tua,
761 1169 906 1204 quantum

126 1214 166 1242 ad
178 1215 273 1242 verba
286 1215 449 1250 exteriora,
465 1215 536 1252 quia
551 1215 612 1243 mel
631 1215 724 1243 dulcis
746 1215 905 1250 charitatis,

127 1263 154 1289 et
168 1261 214 1290 lac
229 1262 381 1290 candentis
395 1262 525 1290 veritatis
535 1262 590 1290 sub
605 1262 708 1297 lingua
719 1264 770 1290 tua
782 1262 907 1290 abscon-

127 1308 189 1337 dita
208 1310 276 1337 sunt
297 1311 444 1345 quantum
469 1309 508 1338 ad
532 1309 627 1338 verba
650 1309 811 1345 interiora3
836 1309 906 1338 ideo

127 1355 198 1384 dicit
211 1357 221 1373 ⁶
239 1365 245 1384 :
262 1357 408 1391 Eloquium
423 1359 499 1384 tuum
513 1356 600 1384 dulce.

162 1403 298 1431 Secundo
312 1403 349 1431 de
365 1403 420 1431 ista
435 1403 615 1431 allocutione
629 1405 716 1438 nota,
734 1403 808 1440 quid
825 1404 860 1432 sit
874 1412 907 1432 os

128 1451 234 1480 animae
243 1452 293 1480 vel
307 1452 436 1488 spiritus,
450 1453 478 1479 et
492 1451 566 1488 quid
579 1451 683 1487 lingua
692 1452 800 1488 quibus
814 1448 908 1481 Deum

128 1498 321 1535 alloquimur.
346 1498 522 1534 Gregorius,
547 1499 650 1535 quinto
674 1499 791 1527 decimo
814 1500 908 1528 Mora-

129 1547 196 1573 lium
211 1547 231 1579 ⁶,
247 1546 329 1581 dicit,
345 1545 429 1582 quod
445 1554 478 1573 os
493 1546 602 1580 cordia
617 1546 650 1573 id
662 1547 715 1581 est,
731 1546 852 1582 animae,
868 1549 910 1575 est

128 1592 280 1620 meditatio
306 1592 367 1620 sive
392 1592 550 1628 cogitatio;
581 1592 653 1620 alias
677 1593 824 1629 Propheta
846 1601 909 1622 non

130 1640 241 1669 diceret
253 1642 263 1658 ⁷
277 1650 284 1668 :
307 1642 394 1669 Labia
407 1642 516 1675 dolosa,
532 1642 563 1668 in
586 1641 663 1668 corde
685 1644 710 1669 et
727 1642 806 1669 corde
827 1643 910 1670 loculi

1686 207 1746 237 413

963 272 997 300 Et
1010 279 1145 307 rursum,
1161 279 1230 300 cum
1249 279 1304 300 sua
1323 271 1417 300 verba
1430 274 1532 301 movet
1554 273 1665 309 anima,
1680 274 1747 302 Ver-

965 317 1040 346 bum
1059 318 1110 346 Dei
1125 318 1220 347 multo
1234 319 1334 347 minus
1348 321 1445 356 potest
1457 319 1564 355 latere,
1580 328 1641 348 non
1653 328 1746 358 prop-

963 366 1006 394 ter
1020 365 1078 393 hoc
1093 365 1165 402 quia
1183 365 1296 402 ubique
1316 374 1445 402 praesens
1455 388 1464 402 ,
1480 367 1533 395 sed
1547 367 1643 403 magis
1657 376 1748 405 prop-

964 413 1008 441 ter
1021 412 1079 441 hoc
1094 413 1195 449 quod,
1211 413 1267 441 nisi
1289 413 1355 450 ipso
1377 413 1564 449 stimulante,
1579 414 1747 444 devotionis

963 459 1067 496 lingua
1093 460 1215 488 minime
1239 460 1279 489 ad
1306 460 1494 496 loquendum
1520 464 1699 491 moveretur.
1729 473 1744 490 n

963 507 1029 535 Haee
1044 506 1147 535 omnia
1161 507 1340 542 BernarduS,
1356 510 1383 536 et
1397 507 1565 543 Gregorius.

998 554 1093 583 Tertio
1108 554 1308 583 necessarium
1327 557 1400 591 puto
1411 576 1421 590 ,
1437 555 1516 583 circa
1535 555 1620 584 istam
1635 556 1747 585 allocu-

962 601 1076 630 tionem
1090 601 1291 638 spiritualem,
1307 602 1380 630 scire
1395 602 1470 638 quid
1485 602 1541 631 sint
1557 603 1648 632 verba
1661 604 1746 640 spiri-

963 649 1009 676 tus
1027 649 1055 677 et
1079 648 1198 684 animae,
1224 650 1252 677 et
1277 649 1404 685 qualiter
1426 649 1628 678 diversimode
1655 652 1748 679 Deum

964 695 1133 732 alloquatur
1161 695 1197 732 (b)
1217 696 1327 724 anima.
1354 698 1392 724 De
1411 696 1469 725 hoc
1488 696 1559 725 dicit
1579 698 1747 733 Gregorius,

962 743 1094 771 secundo
1114 744 1263 771 Moralium
1277 743 1316 778 ¹¹,
1339 743 1380 772 sic
1401 753 1408 771 :
1432 754 1446 770 α
1459 744 1633 773 Animarum
1655 745 1747 773 verba

962 792 1030 818 sunt
1042 789 1108 826 ipsa
1130 790 1286 819 desideria.
1307 792 1381 820 Nam
1405 791 1428 819 si
1453 791 1636 820 desiderium
1649 801 1746 821 sermo

962 845 1024 864 non
1039 839 1130 873 esset,
1145 838 1292 874 Propheta.
1309 846 1371 866 non
1393 838 1504 867 diceret
1518 838 1537 855 ¹¹
1553 849 1560 867 :
1577 841 1747 868 Desiderium

963 885 1051 912 cordis
1066 893 1157 913 eorum
1173 886 1282 913 audivit
1299 887 1376 914 auris
1401 889 1459 914 tua.
1479 888 1618 922 Magnum
1633 887 1748 916 deside-

962 931 1041 960 rium
1064 933 1107 960 est
1131 940 1259 968 magnus
1286 932 1409 962 clamor.
1433 935 1524 962 Tanto
1554 943 1624 970 ergo
1648 935 1748 963 minus

963 979 1071 1006 clamat
1086 979 1169 1015 quis,
1191 983 1304 1016 quanto
1324 981 1423 1008 minus
1443 981 1593 1010 desiderat
1599 992 1608 1017 ;
1625 984 1652 1010 et
1666 984 1746 1011 tanto

963 1026 1109 1061 maj0rem
1125 1035 1232 1055 vocem
1253 1027 1285 1055 in
1307 1036 1378 1056 aure
1400 1028 1612 1066 circumscripti
1628 1030 1748 1066 spiritus

963 1073 1115 1109 exprimit,
1138 1076 1251 1110 quanto
1274 1083 1304 1102 se
1324 1075 1356 1102 in
1377 1076 1441 1111 ejus
1462 1076 1611 1105 desiderio
1629 1077 1747 1113 plenius

961 1118 1069 1148 fundit.
1089 1130 1103 1147 »
1130 1121 1203 1149 lnde
1223 1122 1293 1150 dicit
1315 1123 1510 1159 Augustinus,
1531 1124 1648 1152 decimo
1668 1124 1746 1153 libro

966 1167 1167 1201 confessionum
1180 1169 1211 1203 ¹³,
1228 1169 1310 1205 quod
1329 1170 1428 1198 «nihil
1446 1171 1601 1207 corporale
1621 1171 1651 1199 in
1666 1171 1750 1208 spiri-

962 1214 1034 1242 tuali
1063 1215 1245 1244 allocutione
1278 1217 1507 1253 imagInandum
1536 1222 1588 1248 est.
1620 1230 1634 1247 ν)
1668 1222 1748 1250 Unde

963 1262 1129 1290 Bernardus
1155 1263 1226 1291 dicit
1248 1264 1291 1291 ¹⁸:
1318 1274 1332 1291 «
1352 1265 1471 1298 Quoties
1495 1265 1570 1301 legis
1594 1267 1643 1295 vel
1663 1268 1749 1296 audis

963 1309 1093 1337 Verbum
1106 1312 1249 1338 aeternum
1271 1312 1299 1339 et
1318 1312 1449 1340 animam
1470 1313 1581 1349 pariter
1604 1314 1749 1351 colloqui,

964 1357 992 1384 et
1006 1364 1037 1384 se
1058 1356 1188 1385 invicem
1200 1358 1317 1394 intueri,
1333 1359 1395 1387 noli
1409 1360 1567 1395 imaginari
1588 1370 1749 1398 corporeas

963 1411 1062 1439 voces,
1084 1404 1132 1432 vel
1153 1413 1296 1441 apparere
1321 1414 1479 1442 corporeas
1499 1408 1656 1444 imagines,
1677 1410 1749 1446 quia

963 1450 1025 1478 haec
1039 1451 1150 1479 locutio
1165 1453 1253 1480 Verbi
1272 1455 1314 1481 est
1327 1453 1436 1482 infusio
1453 1455 1537 1489 doni,
1553 1458 1580 1484 et
1593 1457 1747 1493 responsio

964 1498 1070 1526 animae
1087 1500 1129 1526 est
1144 1499 1302 1528 admiratio
1323 1509 1391 1528 cum
1407 1502 1569 1536 gratiarum
1587 1504 1712 1532 actione.
1731 1515 1745 1532 »

965 1545 1028 1573 Haec
1042 1546 1217 1574 Bernardus.
1235 1547 1292 1575 Sed
1315 1549 1486 1584 Gregorius,
1502 1551 1636 1578 secundo
1652 1553 1747 1580 Mora-

966 1593 1033 1620 lium
1043 1593 1074 1628 ¹⁵,
1086 1593 1157 1621 dicit
1171 1603 1177 1621 :
1190 1595 1274 1622 «Vox
1288 1594 1394 1622 animae
1404 1604 1457 1631 per
1468 1596 1603 1626 distincta
1612 1600 1705 1628 verba
1715 1609 1746 1628 se

966 1641 1103 1676 explicat,
1121 1642 1194 1669 dum
1205 1650 1236 1670 se
1247 1650 1300 1678 per
1314 1643 1487 1672 innumeros
1497 1646 1606 1674 modos
1617 1647 1748 1676 admira-

129 1691 203 1716 stmt.
217 1690 261 1715 Ea:
276 1688 446 1716 abundantia
459 1688 539 1716 enim
553 1689 563 1706 ⁸
576 1689 664 1716 cordis
679 1697 705 1716 os
722 1688 759 1725 (a)
777 1690 907 1724 loquitur,

129 1737 190 1762 tam
208 1735 359 1771 spirituale
371 1756 380 1769 ‚
400 1743 492 1771 quam
516 1735 688 1771 corporale,
705 1735 765 1763 sive
781 1736 908 1771 bonum,

130 1781 191 1809 sive
205 1782 329 1810 malum.
349 1782 461 1817 Lingua
475 1790 547 1810 vero
562 1782 698 1818 spiritus,
715 1786 776 1810 sive
792 1783 909 1819 animae,

131 1829 206 1865 quid
226 1829 278 1862 sit,
296 1829 424 1857 ostendit
441 1829 607 1858 Bernardus
628 1829 728 1857 dicens
750 1831 760 1847 ⁹
784 1839 791 1858 t
815 1840 829 1857 «
843 1833 912 1858 Ver-

131 1876 205 1903 bum
220 1876 270 1903 Dei
285 1878 326 1903 est
345 1876 479 1912 spirituS,
505 1878 532 1904 et
551 1877 651 1904 anima
667 1879 710 1905 est
727 1877 862 1913 spiritus,
884 1880 912 1906 et

965 1687 1054 1715 tionis
1067 1688 1184 1716 format.
1206 1699 1219 1716 »
1237 1690 1306 1718 Ideo
1329 1691 1496 1719 notandum
1511 1694 1570 1728 est,
1586 1695 1670 1730 quod
1685 1695 1748 1723 ani-
1774 1695 1854 1715 Anima

965 1743 1028 1767 ma,
1049 1735 1110 1763 sive
1125 1736 1244 1772 spiritus
1258 1737 1421 1774 humanus,
1444 1740 1609 1768 secundum
1630 1741 1747 1770 diversa
1761 1725 1869 1777 {¹2⁰2}ssss

966 1781 1113 1811 desideria
1133 1785 1160 1811 et
1179 1783 1313 1812 diversos
1332 1785 1441 1813 modos
1465 1786 1689 1824 admirationis,
1706 1790 1748 1817 di—
1762 1788 1867 1814 upliciter

1762 1819 1861 1845 loquitur

965 1829 1134 1857 versimode
1156 1831 1248 1859 Deum
1266 1831 1430 1868 alloquitur
1452 1833 1484 1861 in
1500 1834 1560 1862 suis
1584 1835 1749 1864 meditatio-
1792 1856 1843 1870 eum

966 1876 1072 1912 nibus;
1090 1877 1142 1913 qui
1162 1878 1229 1906 licet
1250 1879 1308 1907 sint
1321 1879 1447 1915 infiniti,
1464 1883 1564 1909 tamen
1579 1882 1618 1910 ad
1636 1886 1749 1920 septem
1787 1882 1842 1903 ¹³²⁰·

131 1922 243 1949 habent
256 1922 373 1957 linguas
390 1931 474 1957 suas,
490 1923 599 1959 quibus
618 1924 675 1951 sibi
689 1932 720 1951 se
738 1924 911 1952 alterutrum

133 1968 340 2005 alloquantur,
360 1972 576 2006 praesentesque
600 1970 739 1999 indicent.
773 1973 805 1999 Et
823 1972 911 2000 Verbi

134 2016 227 2044 divini
240 2016 354 2051 lingua,
366 2018 409 2044 est
420 2016 505 2044 favor
518 2016 706 2052 dignationis.
719 2018 830 2045 Animae
840 2026 911 2046 vero

133 2063 235 2098 lingua
245 2084 255 2098 ,
270 2066 312 2091 est
329 2063 429 2091 fervor
444 2063 620 2091 devotionis.
636 2074 650 2090 »
667 2065 700 2091 Et
713 2065 846 2100 sequitur
860 2065 914 2093 ibi-

135 2109 204 2137 dem
220 2121 228 2138 .-
250 2120 264 2137 ι(
283 2110 414 2146 Elinguis
434 2113 477 2138 est
495 2111 596 2139 anima
612 2113 701 2147 atque
720 2111 831 2146 infans,
847 2120 913 2148 quae

134 2157 211 2185 hanc
230 2165 293 2185 non
313 2157 416 2193 habet,
437 2159 466 2185 et
485 2158 653 2186 nullatenus
673 2160 769 2194 potest
786 2158 830 2186 illi
852 2167 914 2188 esse

135 2205 341 2233 sermocinatio
358 2214 426 2233 cum
438 2206 534 2234 Verbo
545 2206 603 2234 Dei.
618 2206 688 2234 Ideo
704 2215 773 2234 cum
782 2207 912 2235 Verbum

135 2252 308 2288 hujusmodi
322 2252 457 2288 linguam
475 2254 590 2288 movet,
610 2253 714 2281 volens
728 2253 768 2281 ad
783 2254 914 2282 animam

135 2298 240 2335 loqui,
255 2307 318 2327 non
331 2302 428 2335 potest
441 2300 540 2328 anima
559 2308 622 2328 non
641 2301 730 2335 scire,
744 2301 792 2328 vel
807 2300 914 2329 sentire

137 2346 200 2382 ejus
219 2355 398 2375 sermonem.
426 2348 510 2375 Vivus
534 2350 572 2375 est
590 2350 660 2376 enim
675 2348 696 2366 ¹⁰
713 2357 796 2376 sermo
816 2351 876 2383 Dei,
892 2351 918 2377 et

138 2394 246 2429 essina-v,
266 2397 290 2422 el
301 2395 497 2430 penetrabilior
516 2397 589 2422 omni
603 2396 694 2430 qlaclz'o
711 2397 839 2432 ancipili,
852 2405 915 2432 per·

139 2442 244 2475 tingens
266 2449 350 2477 usque
375 2442 412 2470 ad
439 2442 599 2470 divisionem
619 2445 737 2478 spiritus
760 2445 786 2471 et
806 2445 914 2473 auimoe.

173 2538 178 2551 ¹
198 2537 282 2568 Cant„
302 2544 320 2569 1,
339 2540 377 2569 14,
398 2541 436 2563 15.
451 2551 481 2557 —
495 2539 503 2553 ²
520 2539 593 2570 ibid„
615 2545 645 2571 11,
663 2542 700 2564 14.
715 2554 747 2559 —
762 2541 772 2557 ³
786 2541 860 2571 ibid„
877 2543 915 2566 14.

141 2586 171 2591 ——
191 2574 449 2605 ¹1bid.,1v,11.—
467 2576 477 2592 ⁵
494 2575 565 2603 ibid.
587 2578 609 2600 3.
628 2589 660 2593 —
677 2576 687 2593 θ
706 2577 793 2608 Greg„
815 2578 916 2609 Moral„

142 2609 184 2632 lib.
204 2610 259 2641 XV,
273 2617 295 2634 c.
312 2617 336 2641 v,
352 2614 410 2642 post
423 2613 492 2636 med
506 2613 557 2630 —7
573 2612 639 2636 Psal.
658 2616 730 2643 x1,3
748 2614 798 2631 -8
816 2614 915 2645 Halm,

142 2647 299 2675 x11‚37.—-
322 2646 330 2660 ⁹
353 2647 439 2678 Bern„
458 2648 485 2671 in
505 2648 590 2677 Cant,
603 2654 681 2672 seim.
697 2655 756 2680 λιν,
771 2656 819 2681 po
808 2633 915 2675 <tmed¹

142 2680 207 2698 —¹⁸
223 2680 308 2712 Helm,
326 2687 362 2712 ιν,
380 2684 418 2707 12.
434 2696 462 2700 -
480 2684 497 2700 ¹²
515 2685 603 2715 Greg.‚
618 2684 720 2716 Moral„
734 2684 778 2710 lib.
793 2685 825 2716 ll,
843 2693 865 2710 e
880 2692 916 2717 1v,

966 1923 1158 1951 reducuntur.
1171 1925 1357 1962 Quandoque
1370 1927 1450 1955 enim
1464 1936 1533 1956 eum
1548 1929 1664 1958 animus
1677 1931 1748 1959 allo-

968 1970 1068 2006 quitur
1083 1973 1114 1998 ut
1129 1973 1236 2006 Deum,
1252 1972 1379 2001 fideliter
1395 1974 1563 2011 adorando,
1578 1979 1610 2005 ut
1625 1978 1748 2013 quando

967 2017 998 2044 in
1012 2017 1256 2046 meditationibus
1268 2020 1327 2048 suis
1340 2020 1488 2051 desideria
1498 2023 1592 2051 suain
1603 2032 1673 2052 vera
1688 2024 1747 2053 fide

968 2067 996 2093 et
1010 2065 1123 2093 sincera
1138 2067 1277 2096 charitate
1297 2069 1354 2096 soli
1375 2071 1434 2098 Deo
1458 2071 1578 2099 exhibet
1592 2072 1676 2108 quod
1691 2072 1747 2100 soli

968 2113 1027 2140 Deo
1057 2113 1201 2148 debetur,
1232 2115 1303 2150 quia
1325 2118 1457 2151 scriptum
1484 2121 1522 2145 est
1545 2118 1565 2135 ¹¹³
1581 2129 1589 2146 :
1605 2121 1748 2147 Dominum

968 2160 1052 2186 Deum
1068 2163 1144 2187 tuum
1160 2161 1297 2197 adorabis,
1308 2165 1333 2190 et
1348 2164 1393 2191 illi
1407 2165 1459 2191 soli
1472 2167 1580 2193 servies.
1598 2166 1664 2194 Veri
1676 2167 1747 2194 ado—

969 2208 1081 2234 ratores
1096 2209 1163 2236 sunt
1178 2207 1215 2244 ¹⁷,
1242 2209 1293 2245 qui
1316 2218 1384 2239 eum
1407 2213 1438 2239 in
1460 2213 1562 2247 spiritu
1586 2216 1612 2241 et
1633 2216 1748 2242 veritate

969 2252 1114 2289 adorant,
1144 2254 1184 2283 ita
1207 2256 1291 2291 quod
1319 2259 1481 2287 concordat
1505 2259 1600 2287 cultus
1621 2261 1748 2289 exterior

969 2300 1110 2329 interiori.
1135 2302 1195 2330 Soli
1216 2306 1316 2331 autem
1338 2306 1396 2333 Deo
1419 2306 1562 2342 servitur,
1584 2316 1652 2336 cum
1670 2311 1748 2336 totus

969 2348 1060 2377 homo
1073 2349 1105 2377 in
1119 2351 1211 2378 Deum
1223 2360 1278 2387 per
1291 2352 1484 2382 intentionem
1499 2356 1660 2385 ordinatur.

1006 2396 1162 2432 Secundo,
1183 2401 1215 2426 ut
1236 2400 1422 2436 Creatorem,
1445 2402 1636 2432 vehementer
1652 2404 1747 2432 admi·
1783 2423 1786 2425 -

969 2443 1077 2478 raudo,
1092 2446 1125 2472 ut
1140 2445 1262 2481 quando
1284 2455 1353 2474 cum
1376 2450 1495 2484 stupore
1510 2451 1615 2478 mentis
1630 2452 1747 2479 divino-

971 2532 1028 2555 auie
1045 2531 1113 2555 med.
1127 2532 1191 2549 —¹-
1207 2532 1275 2556 Psal.
1292 2539 1318 2563 x,
1336 2534 1373 2557 Π.
1387 2547 1417 2550 -
1434 2535 1453 2550 ¹³
1468 2537 1531 2566 Aug
1535 2536 1644 2566 ,Co.‚ns
1659 2537 1702 2562 lib
1715 2539 1748 2570 X,

972 2573 995 2590 c.
1006 2573 1035 2597 11,
1045 2574 1071 2591 in
1081 2574 1166 2592 sensu.
1179 2568 1324 2592 —-¹⁸ssern.
1328 2569 1411 2599 ‚ubi
1400 2578 1457 2601 s.up
1468 2555 1578 2602 proxim.
1586 2586 1616 2591 —
1630 2574 1649 2590 ¹⁶
1659 2574 1748 2606 Greg.,

973 2602 1075 2633 Metal.
1091 2603 1134 2628 lib.
1152 2604 1181 2633 11,
1197 2610 1220 2627 c.
1242 2610 1276 2635 lv,
1296 2607 1353 2629 aute
1371 2607 1439 2630 nied
1454 2620 1483 2624 —
1502 2608 1518 2622 ¹⁶
1531 2608 1634 2635 ΜαίΙΙι.,

975 2638 1057 2666 Dent„
1071 2645 1106 2668 v,1
1125 2640 1162 2664 13.
1175 2640 1237 2657 —¹'¹
1248 2640 1382 2672 Jowz.1,v‚
1398 2643 1438 2666 :.4.

1005 2686 1038 2717 (a)
1054 2686 1115 2711 Caet.
1128 2687 1189 2711 edit.
1206 2687 1279 2712 deest
1291 2695 1327 2712 os.
1343 2701 1374 2708 -
1389 2688 1423 2720 (b)
1440 2689 1501 2714 Coet.
1520 2690 1581 2715 edit.
1597 2692 1747 2725 alloquitur.

1648 2615 1682 2640 lV,
1702 2594 1748 2642 lu}
