2004 3037
761 195 849 229 CAP.
873 194 926 227 111.
953 190 1178 226 PARTICULA
1197 191 1235 223 11.
1770 191 1809 224 29

192 267 355 304 immerito,
377 268 449 305 quia
465 267 517 296 ille
535 266 672 296 citissime
691 265 851 299 invenitur,
869 271 888 292 a
908 270 969 299 quo

193 324 282 344 omne
294 315 450 352 gaudium,
464 316 492 343 et
506 313 604 342 omnis
619 311 791 348 ,iucunditas
809 309 969 339 emanavit.

192 363 329 391 Secundo
344 362 493 396 videmus,
507 360 592 397 quod
607 359 652 388 illi
666 359 719 396 qui
733 357 971 394 negotiationum

191 410 288 438 solent
301 417 436 438 exercere
451 407 642 442 commercia,
655 414 718 434 non
732 406 859 434 incertos
873 403 971 441 pelagi

192 457 295 485 timent
315 464 415 491 00505,
436 455 520 483 nulla
539 453 711 483 discrimina
732 453 970 489 perhorrescunt,

193 504 266 532 dum
277 503 316 532 ad
325 503 418 531 finem
426 504 554 539 quaestus
566 500 692 529 sollicite
706 499 901 533 attendentes,
910 498 972 526 11ωο

191 550 307 587 perpeti
333 549 467 578 hilariter
494 550 706 586 provocantur.
733 546 820 581 Quod
848 546 872 573 si
900 545 973 573 tales

193 605 301 633 corpus
321 598 350 624 et
368 596 500 625 animam
522 596 603 623 tanto
625 594 787 630 subjiciunt
810 592 973 621 discrimini

192 643 382 678 incessanter,
404 645 516 679 quanto
541 642 663 670 deberet
680 640 834 669 rationalis
854 639 974 676 spiritus

193 690 362 720 incessabili
376 690 535 718 devotione
549 689 747 723 inardescere,
761 689 793 716 ut
807 687 894 715 illum
908 694 975 714 sua-

193 737 347 766 vissimum
361 737 521 771 inveniret,
537 736 589 772 qui
604 744 658 764 sua
670 735 805 770 jucunda
818 733 975 770 praesentia

192 792 246 821 per
265 792 399 813 amorem
419 783 537 812 unionis
556 782 693 817 obtenta,
709 789 832 809 omnem
851 781 889 809 ab
909 781 974 817 ipso

194 831 360 860 eliminaret
380 832 553 866 egestatem,
580 831 607 858 et
632 837 753 857 omnem
779 828 817 856 ab
841 827 906 864 ipso
932 828 975 855 in-

195 878 297 915 opiam
316 879 497 912 removeret‚
520 879 548 904 et
568 884 630 904 non
650 876 728 904 ultra
750 876 848 911 ipsum
871 874 977 910 vagari

194 925 389 961 permitteret,
405 932 467 952 non
483 923 559 951 ultra
573 923 792 951 oblectamenta
806 921 976 949 adulterina

196 971 227 999 in
239 971 379 999 creaturis
393 971 458 999 aliis
472 970 663 1001 mendicaret,
683 977 750 997 cum
765 969 827 1005 ipse
842 967 977 996 beatissi-

196 1026 263 1046 mus
290 1017 471 1045 inveniretur
498 1015 766 1052 experimentaliter
794 1015 974 1050 hospitatur,

196 1065 248 1101 qui
261 1067 303 1092 est
314 1063 411 1092 omnis
422 1063 528 1091 mentis
542 1062 697 1090 tendentioe
712 1061 977 1089 sufficientissimus

197 1111 351 1148 quietator.
360 1112 398 1138 De
414 1118 475 1146 quo
491 1109 562 1137 dicit
576 1109 686 1144 anima,
701 1117 768 1136 cum
785 1108 877 1145 ipsius
893 1108 979 1136 sentit

198 1158 360 1194 jucundam
368 1156 565 1193 praesentiam,
576 1155 607 1183 in
618 1156 652 1191 (a)
663 1156 718 1184 Job
732 1157 740 1173 ¹
757 1164 763 1183 :
777 1157 811 1183 Ιη
819 1156 914 1182 nidulo
923 1163 977 1182 meo

197 1207 311 1240 moriar,
328 1208 354 1232 et
372 1206 442 1232 sicut
459 1205 554 1239 palma
567 1203 754 1238 multiplicabo
771 1202 829 1229 dics
844 1211 851 1230 :
872 1201 978 1229 nolens

195 1252 258 1287 jam
278 1252 317 1280 ad
334 1252 474 1279 consueta
489 1250 668 1285 discurrere,
681 1250 745 1285 jam
760 1249 893 1277 humana
907 1257 977 1276 con-

197 1299 342 1327 solatione
360 1306 422 1326 non
440 1297 569 1332 indiget,
586 1297 657 1333 quia
672 1296 736 1331 Jam
754 1296 798 1323 illi
821 1296 904 1323 unita
919 1297 977 1330 051,

196 1346 228 1374 111
247 1355 307 1382 quo
323 1345 460 1374 omnium
478 1345 660 1380 languorum
679 1351 817 1377 suorum,
834 1344 895 1370 tam
915 1351 979 1370 cor-

196 1393 362 1429 poralium,
381 1400 473 1428 quam
487 1390 702 1427 spiritualium,
717 1389 830 1417 invenit
844 1389 979 1417 saluber—

196 1440 304 1468 rimam
318 1439 510 1468 medicinam.
522 1438 616 1466 Tertio
631 1438 720 1465 etiam
732 1437 880 1471 videmus,
896 1436 979 1472 quod

196 1487 228 1514 hi
246 1487 298 1523 qui
315 1486 434 1514 malitiae
449 1485 612 1513 mundialis
635 1484 798 1512 ambitione
818 1483 980 1512 libidinosa

197 1533 436 1567 inflammantur,
463 1532 536 1559 dum
562 1531 747 1567 prospiciunt
770 1531 920 1558 honorum
945 1538 978 1558 ac

196 1581 334 1616 potentiae
348 1580 454 1614 finem,
471 1579 609 1607 exercitia
623 1579 898 1615 peregrinationum
908 1600 916 1613 ,
932 1578 980 1605 vel

196 1627 328 1663 pericula
341 1635 403 1655 non
415 1627 554 1662 sentiunt,
567 1635 622 1654 nec
634 1627 829 1663 praesentibus
840 1626 979 1654 aerumnis

197 1676 344 1711 bellisque
358 1675 547 1710 franguntur,
567 1675 640 1702 dum
654 1674 842 1710 propositum
856 1673 912 1700 sibi
934 1673 978 1700 di-

198 1722 315 1758 gnitatis
329 1722 421 1750 finem
438 1722 562 1758 eupiunt
581 1721 725 1749 obtinere.
748 1720 776 1748 Si
796 1728 867 1755 ergo
890 1721 920 1747 in
939 1723 980 1747 tot

198 1769 322 1797 miseriis
337 1769 544 1803 involvuntur,
560 1770 592 1795 ut
611 1767 650 1795 ad
669 1767 824 1795 modicum
838 1767 980 1803 temporis

198 1815 339 1843 laudibus
353 1815 511 1843 hominum
529 1817 617 1842 vento
632 1814 728 1842 inanis
747 1813 847 1849 gloriae
862 1814 979 1841 eleven-

199 1864 260 1898 tur,
283 1862 340 1890 hoc
364 1862 512 1890 sufficiens
536 1861 693 1897 praemium
716 1862 901 1896 reputantes,
923 1867 979 1895 pro

199 1909 338 1936 omnibus
355 1909 502 1945 perpessis
521 1907 722 1943 multipliciter
737 1909 797 1935 tam
815 1907 846 1934 in
865 1907 980 1942 spiritu,

199 1963 290 1991 quam
310 1956 340 1983 in
360 1963 485 1991 corpore
504 1954 743 1989 fatigationibus;
764 1953 838 1989 quid
856 1953 980 1988 dignum

199 2003 291 2038 possit
315 2011 458 2039 peragere
486 2011 570 2030 mens
597 2001 750 2030 rationalis
778 2003 980 2028 creaturarum

200 2049 401 2083 nobilissima,
417 2051 552 2084 respectu
568 2050 668 2076 tamen
682 2047 727 2075 sui
741 2047 885 2075 Creatoris
900 2055 980 2074 men-

202 2095 282 2129 dica,
299 2097 330 2122 ut
345 2095 384 2122 ad
403 2095 455 2122 illa
474 2097 554 2122 tanta
573 2095 723 2129 dignitatis
738 2094 859 2129 praemia
875 2101 980 2129 perve-

201 2142 291 2175 niret,
306 2144 338 2169 ut
356 2141 400 2168 1111
416 2150 432 2169 0
447 2149 509 2177 quo
525 2144 622 2168 ereata
637 2141 674 2168 de
690 2140 783 2167 nihilo
803 2140 981 2175 primordia-

201 2189 262 2216 lem
276 2188 422 2223 originem
436 2188 557 2221 habuit,
572 2187 604 2214 111
619 2187 730 2214 amoris
746 2186 850 2213 unitivi
867 2186 981 2213 deside-

201 2235 252 2262 riis
280 2235 428 2269 uniretur,
458 2236 485 2262 et
511 2236 592 2262 tanto
620 2234 734 2261 honore
764 2233 794 2260 in
822 2234 982 2268 conspectu

204 2282 347 2309 Creatoris
362 2281 452 2316 digna
466 2281 564 2308 valeat
576 2280 715 2315 judicari,
731 2282 761 2307 ut
776 2279 874 2306 minus
891 2287 983 2314 quam

204 2337 316 2363 musca,
328 2328 425 2356 minus
436 2336 527 2364 quam
537 2327 621 2361 nihil,
633 2326 774 2362 Principis
785 2327 850 2353 vita)
861 2334 981 2361 sponsa,

205 2375 292 2410 Regis
321 2375 496 2409 angelorum
523 2374 630 2401 dilecta
658 2373 861 2409 propriissime
886 2373 984 2399 valeat

205 2421 364 2457 appellari,
382 2423 409 2448 et
428 2421 467 2448 ad
486 2422 600 2448 tantum
617 2420 763 2447 honorem
783 2419 820 2447 ab
840 2419 983 2446 altissimo

205 2468 339 2495 Creatore
367 2467 491 2495 minima
518 2469 711 2503 provocetur,
740 2467 781 2494 sic
811 2466 924 2494 dicente
952 2465 983 2492 in

205 2514 328 2542 Canticis
354 2516 364 2530 2
382 2523 388 2541 :
415 2514 503 2549 Aperi
535 2515 623 2546 mihi,
652 2521 726 2541 soror
756 2522 813 2541 mea
824 2535 832 2547 ‚
863 2512 983 2540 columba

204 2569 278 2593 mea,
292 2563 346 2588 etc.

238 2627 246 2642 ¹
261 2626 315 2655 Job,
331 2632 421 2657 xxxxx,
441 2628 478 2650 18.
489 2640 520 2644 —-
531 2626 539 2640 2
552 2626 635 2656 Cant„
653 2632 675 2657 ν,
692 2628 716 2650 2.
729 2640 759 2644 -
775 2627 784 2643 ³
797 2626 865 2657 Sala,
883 2632 926 2655 vu,
946 2627 981 2649 tt.

206 2674 235 2679 -—
253 2662 288 2693 (ιι)
306 2661 361 2692 Leq.
377 2666 412 2686 ut.
428 2674 458 2680 —
475 2661 510 2693 (b)
523 2663 580 2693 Ley.
597 2664 759 2693 provocetur.
775 2674 805 2680 -—
821 2663 848 2693 (c)
865 2662 923 2692 Ley.
942 2667 982 2684 ex-

1064 259 1143 287 Dicto
1167 257 1324 295 quomodo
1347 265 1401 294 per
1425 260 1506 286 actus
1529 257 1754 288 mundanorum
1784 262 1813 288 et

1028 306 1214 334 saecularium
1227 313 1312 333 mens
1333 304 1372 333 ad
1391 307 1471 333 tanta
1486 304 1585 333 dilecti
1605 305 1718 340 gaudia
1738 314 1811 343 pro-

1027 355 1152 381 vocatur
1165 352 1209 389 (b),
1217 351 1379 380 dicendum
1389 354 1430 380 est
1438 352 1594 388 quomodo
1603 360 1656 388 per
1664 356 1813 382 creaturas

1027 399 1188 428 rationales
1211 400 1240 427 et
1261 398 1446 427 irrationales
1471 399 1511 426 ad
1540 399 1756 435 quiescendum
1781 400 1813 428 in

1028 454 1083 474 suo
1092 448 1228 474 Creatore
1237 445 1439 482 multipliciter
1449 445 1591 474 excitatur
1599 446 1630 482 (c)
1639 455 1646 473 ε
1658 446 1768 482 primo,
1781 447 1813 475 in

1029 493 1237 528 sensibilibus;
1257 492 1405 527 secundo,
1425 492 1455 520 in
1474 492 1705 528 vegetabilibus,
1726 493 1811 522 tertio

1028 540 1060 567 in
1087 539 1224 568 animatis
1253 538 1471 567 rationantibus
1501 541 1528 566 et
1556 539 1809 568 irrationantihus.

1029 586 1101 614 Vide
1121 586 1193 623 quia
1213 585 1252 614 ad
1271 585 1350 613 istud
1369 585 1519 620 edulium,
1542 585 1582 613 ad
1603 586 1686 621 quod
1710 587 1813 624 aliqua

1030 632 1253 669 experimentali
1288 632 1393 660 notitia
1419 632 1530 660 animal
1565 633 1687 661 brutum
1716 635 1812 669 gustui

1031 679 1206 707 delectabile
1232 680 1386 712 exaestuat,
1415 679 1563 707 currendo
1597 687 1665 707 cum
1685 680 1812 716 impetu,

1030 726 1094 754 sine
1120 726 1297 754 discretione
1323 725 1477 754 accelerat.
1506 727 1579 754 Cum
1605 735 1675 762 ergo
1699 727 1814 755 ratione

1031 772 1154 810 praedita
1172 773 1208 809 (d)
1224 781 1309 801 mens
1327 773 1437 801 habeat
1455 781 1550 801 unum
1571 773 1669 801 solum
1686 773 1813 802 delecta-

1031 819 1091 848 bile
1115 820 1268 855 objectum
1292 820 1324 847 in
1347 828 1408 856 quo
1434 828 1504 848 vera
1527 820 1646 857 requies
1670 822 1698 848 et
1718 821 1814 848 omnis

1032 867 1149 895 satietas
1176 867 1286 903 pariter
1311 867 1540 902 combinantur,
1570 867 1673 895 divino
1699 867 1814 903 judicio
1851 887 1854 889 Α

1033 914 1141 941 misera
1154 913 1315 949 judicatur,
1331 916 1363 941 ut
1377 916 1457 942 tanto
1477 914 1647 942 delectabili
1667 915 1724 942 sibi
1741 922 1815 950 prae-

1033 961 1194 990 sentialiter
1209 963 1237 989 01
1251 961 1476 989 immutabiliter
1492 962 1626 990 existenti
1641 962 1750 990 misera
1764 963 1816 990 de-

1032 1008 1186 1036 fraudetur
1213 1018 1219 1036 :
1248 1017 1316 1037 cum
1343 1009 1432 1037 bruta
1457 1010 1496 1038 ad
1526 1019 1614 1038 suum
1640 1011 1816 1038 delectabile

1034 1064 1103 1083 cum
1133 1057 1212 1084 tanta
1236 1055 1421 1084 festinatione
1448 1057 1613 1085 accelerent
1641 1058 1817 1086 sensibiliter

1035 1102 1248 1136 obtinendum,
1264 1105 1292 1130 et
1306 1103 1361 1130 ista
1376 1111 1437 1131 non
1454 1104 1518 1131 vult
1534 1104 1641 1132 faeiem
1660 1113 1745 1132 suam
1760 1105 1816 1133 eri-

1034 1157 1103 1184 gere
1125 1149 1165 1177 ad
1185 1149 1269 1177 illam
1287 1158 1390 1177 veram
1409 1150 1586 1186 sapientiam
1603 1151 1764 1186 unitivam,
1780 1152 1816 1179 de

1035 1205 1095 1232 qua
1110 1197 1148 1224 ab
1164 1197 1294 1226 increata
1308 1199 1453 1234 sapientia
1467 1199 1498 1226 in
1513 1199 1591 1227 libro
1607 1201 1755 1235 Sapientiae
1770 1200 1816 1227 di-

1034 1244 1109 1271 citur
1124 1244 1134 1261 ³
1151 1253 1157 1271 :
1181 1245 1280 1272 Omnia
1299 1246 1368 1272 mihi
1393 1246 1461 1273 bona
1482 1249 1611 1273 venerunt
1630 1248 1739 1281 pariter
1758 1255 1817 1274 cum

1034 1291 1093 1318 illa.
1120 1290 1192 1318 Dicit
1216 1291 1295 1318 enirn
1320 1294 1427 1325 omnia,
1451 1295 1483 1320 ut
1506 1293 1581 1320 nihil
1604 1293 1635 1320 in
1660 1295 1758 1321 mente
1786 1293 1818 1322 in

1033 1337 1125 1373 ipsius
1146 1338 1302 1373 praesentia
1323 1340 1475 1366 remaneat
1496 1339 1721 1375 incompletum.
1746 1340 1818 1368 Dicit

1036 1385 1119 1419 bona,
1134 1393 1197 1412 non
1209 1386 1313 1415 ,bonum
1330 1385 1416 1420 dicit,
1436 1388 1467 1413 ut
1486 1387 1768 1423 multiplicationem
1787 1388 1817 1415 in

1034 1432 1133 1458 mente
1158 1431 1307 1467 diligentis
1332 1432 1504 1460 divinorum
1532 1433 1747 1462 beneficIOrum
1773 1435 1817 1462 in-

1034 1478 1139 1505 sinuet.
1159 1479 1310 1510 Venerunt,
1328 1479 1413 1514 dicit,
1428 1488 1481 1516 per
1495 1480 1553 1509 hoe
1573 1481 1742 1516 significans
1758 1490 1819 1511 non

1034 1532 1052 1551 a
1066 1532 1111 1559 se,
1129 1524 1182 1552 sed
1196 1525 1234 1553 ab
1259 1525 1318 1553 0110
1337 1526 1399 1554 haec
1420 1527 1521 1555 omnia
1540 1528 1692 1563 obtinere,
1708 1529 1820 1557 scilicet

1036 1579 1072 1598 ex
1095 1571 1248 1600 influentia
1270 1572 1363 1608 ipsius
1389 1573 1487 1601 dilecti
1517 1575 1747 1603 misericorditer
1771 1576 1818 1604 in-

1034 1617 1162 1645 fluentis.
1179 1618 1251 1646 Dicit
1265 1621 1380 1654 pariter,
1396 1628 1464 1647 cum
1479 1621 1509 1648 in
1525 1621 1621 1657 seipsa
1633 1622 1733 1650 anima
1745 1623 1819 1650 nihil

1034 1664 1107 1692 boni
1118 1665 1265 1701 habuerit,
1277 1668 1305 1693 et
1319 1666 1349 1702 (e)
1360 1667 1384 1694 si
1397 1667 1481 1703 quod
1493 1667 1557 1702 fuit,
1566 1669 1723 1705 multiplici
1736 1677 1818 1697 ama-

1034 1711 1163 1739 ritudine
1180 1712 1362 1748 replebatur.
1382 1714 1447 1740 Cum
1463 1715 1524 1749 illa,
1541 1715 1628 1749 dicit,
1649 1718 1681 1743 ut
1695 1724 1756 1744 non
1770 1725 1818 1745 so-

1035 1758 1098 1786 lum
1113 1758 1301 1794 possessione
1315 1759 1408 1796 ipsius
1428 1761 1546 1789 unitivae
1566 1763 1716 1798 sapientiae
1735 1773 1819 1792 mens

1035 1805 1156 1832 interius
1167 1805 1379 1842 impinguetur,
1390 1810 1418 1835 et
1427 1808 1630 1837 medullarum
1641 1810 1732 1846 ipsius
1743 1812 1819 1839 mul-

1036 1852 1171 1888 tiplicatis
1189 1852 1334 1880 fructibus
1354 1853 1512 1890 irroretur,
1536 1856 1589 1883 sed
1611 1859 1638 1884 et
1659 1858 1754 1885 multa
1775 1858 1819 1885 di-

1034 1898 1101 1926 lecti
1124 1899 1270 1934 encaenia,
1293 1900 1403 1928 scilicet
1421 1901 1596 1937 splendores
1612 1907 1639 1931 01
1656 1904 1819 1932 distillatio-

1035 1953 1086 1973 nes
1097 1945 1276 1982 multiplices
1286 1947 1473 1982 praesentiam
1483 1948 1519 1984 (Γ)
1533 1950 1652 1978 unitivae
1669 1951 1819 1987 sapientiae

1036 1992 1224 2027 comitantur,
1239 1995 1271 2020 ut
1286 1995 1346 2021 tam
1365 2002 1419 2030 per
1434 1994 1547 2030 ipsam,
1565 2005 1656 2032 quam
1672 2006 1739 2025 cum
1754 1999 1819 2034 ipsa

1036 2047 1120 2066 mens
1144 2039 1346 2075 experimenta
1360 2041 1462 2075 glorice
1478 2042 1611 2071 obtineat
1626 2044 1656 2071 in
1671 2046 1816 2080 praesenti.

1035 2085 1208 2113 Miserabilis
1223 2094 1294 2121 ergo
1311 2087 1400 2114 debet
1414 2088 1514 2116 anima
1529 2091 1676 2125 reputari,
1693 2091 1716 2118 si
1731 2092 1816 2127 illud,

1037 2132 1120 2167 quod
1140 2132 1277 2159 videmus
1302 2133 1332 2160 in
1353 2134 1558 2170 sensibilibus,
1584 2144 1638 2164 nos
1660 2138 1819 2167 rationales

1036 2186 1098 2205 non
1118 2178 1260 2213 10010105,
1277 2181 1304 2206 01
1326 2182 1460 2215 respectu
1474 2184 1675 2211 momentanei
1691 2185 1818 2214 delecta-

1036 2223 1105 2251 bilis
1129 2224 1311 2260 pigritantes,
1329 2226 1407 2254 circa
1423 2227 1563 2257 interiora
1588 2230 1819 2261 lamentabiliter

1037 2273 1190 2308 occupati,
1209 2276 1312 2301 eontra
1332 2275 1419 2303 etiam
1436 2277 1533 2304 cordis
1548 2278 1672 2306 humani
1694 2288 1818 2315 genero-

1036 2318 1161 2355 sitatem,
1171 2320 1360 2356 impudenter
1373 2323 1405 2357 (9)
1422 2326 1449 2350 et
1459 2324 1667 2353 miserabiliter
1678 2327 1818 2356 dormite-

1037 2374 1112 2393 mus.
1137 2368 1196 2394 Hoc
1212 2367 1300 2395 etiam
1316 2372 1439 2404 apparet
1452 2370 1482 2397 in
1495 2372 1726 2408 vegetabilibus,
1744 2376 1818 2403 utin

1038 2414 1206 2449 011101111115,
1232 2424 1298 2451 quae
1317 2418 1349 2443 ut
1369 2418 1490 2445 stabiles
1512 2419 1584 2455 sint,
1603 2424 1631 2448 et
1648 2422 1678 2449 in
1694 2431 1817 2452 concus-

1038 2461 1120 2489 sione
1135 2463 1292 2489 ventorum
1310 2463 1504 2493 immobiliter
1519 2471 1657 2495 maneant
1678 2469 1708 2496 in
1724 2472 1818 2504 terra,

1037 2508 1152 2536 radices
1167 2508 1328 2537 immittunt
1348 2510 1542 2545 profundius:
1566 2514 1604 2541 ab
1626 2515 1752 2544 humore
1773 2518 1819 2553 ip-

1037 2555 1097 2583 sius
1112 2557 1204 2590 terrae,
1216 2555 1248 2583 111
1260 2564 1320 2592 qua
1334 2557 1477 2593 figuntur,
1493 2560 1666 2596 recipientes
1679 2562 1819 2592 fortifica-

1038 2621 1137 2645 citetur.
1151 2634 1181 2637 —
1197 2620 1231 2660 (cl)
1247 2621 1308 2645 Cret.
1328 2622 1387 2646 edit.
1404 2623 1533 2652 praeuieta.
1549 2638 1579 2642 —
1599 2626 1629 2656 (e)
1646 2627 1702 2658 Ley.
1719 2630 1772 2653 001.
1790 2641 1816 2645 -κ

1039 2659 1074 2689 (f)
1093 2658 1241 2682 Praesenua.
1256 2670 1285 2674 —
1302 2658 1335 2688 (9)
1353 2658 1409 2689 Ley.
1425 2658 1610 2689 imprudenter.
