2004 3037
422 214 473 247 DE
493 213 730 247 GRATIARUM
749 211 1115 247 SANCTIFICATIONE.
1140 213 1225 245 CAP.
1250 213 1455 245 Xle-XXV.

132 285 266 321 minum3
294 285 417 322 quarta,
442 283 474 313 in
500 280 723 320 comparatione
750 279 848 314 dilecti
875 279 915 311 ad

134 331 288 364 dilectum.

380 399 523 436 CAPUT
546 398 670 433 XXIV.

162 485 201 513 De
214 484 370 520 differentia
383 484 454 511 inter
466 482 634 510 Char-itatem
648 484 673 509 et
687 482 757 510 alios
771 489 885 510 amores.

172 567 262 599 Amor
275 563 382 600 triplex
395 564 448 598 est,
464 562 573 591 scilicet
586 562 746 598 gratuitus,
761 561 915 595 naturalis,

137 612 166 640 et
178 610 309 641 vitiosus.
329 611 421 646 Amor
435 609 578 645 gratuitus
600 610 643 637 est
656 609 826 643 laudabilis,
844 608 916 645 quia

136 657 228 686 virtus
243 658 301 692 est,
317 657 345 686 et
364 656 456 688 habet
475 655 567 684 finem
586 655 781 692 principalem
801 655 916 683 bonum

136 703 389 737 incommutabile.
411 702 460 736 llic
483 702 626 730 dividitur
640 702 671 730 in
689 702 869 737 amicitiam,
889 703 917 729 et

137 749 415 787 concupiscentiam.
442 749 610 778 Secundum
633 749 794 777 amicitiam
821 748 918 784 diligit

137 797 205 834 quis
218 797 310 825 Deum
324 796 491 833 purissime,
507 804 568 824 non
586 795 746 832 respiciens
760 796 917 824 utilitatem

137 851 239 878 suam,
254 843 306 871 sed
320 843 485 871 bonitatem
507 843 596 871 amati
614 852 620 870 :
636 843 694 870 hoc
713 843 805 870 modo
821 842 917 877 diligit

137 889 229 919 homo
252 889 320 926 plus
344 890 436 917 Deum
460 897 552 925 quam
578 889 719 925 seipsum.
748 889 917 918 secundum

138 944 210 966 vero
225 936 493 973 concupiscentiam
508 936 605 971 diligit
619 936 685 972 quis
702 937 803 970 Deum,
819 943 916 963 remu-

138 984 322 1013 nerationem
336 984 368 1013 in
380 992 415 1011 eo
432 985 599 1020 expectans.

173 1033 263 1059 Amor
279 1030 421 1058 naturalis
438 1038 493 1059 nec
511 1029 672 1057 laudabilis
688 1031 750 1064 cst,
766 1037 821 1056 nec
841 1029 917 1057 vitu-

137 1078 301 1114 perabilis:
325 1077 416 1106 hahet
437 1077 530 1105 finem
552 1076 749 1112 indigentiam
769 1077 818 1104 vel
842 1076 918 1104 utili-

137 1125 227 1153 tatem
241 1125 405 1161 propriam.
421 1126 473 1153 Iste
488 1123 622 1152 similiter
641 1123 783 1150 dividitur
799 1123 829 1150 in
844 1123 918 1150 ami-

138 1171 255 1205 citiam,
277 1173 305 1199 et
327 1171 606 1207 concupiscentiam.
630 1170 799 1198 Secundum
815 1169 917 1197 amici-

138 1218 209 1246 tiam
231 1217 381 1252 diligimus
405 1219 497 1248 Deum
519 1217 577 1245 hoc
598 1225 715 1251 amore,
739 1218 771 1244 ut
785 1218 918 1244 nostram

139 1263 352 1301 perfectionem
369 1266 396 1291 et
414 1265 546 1292 nostram
564 1263 829 1297 conservationem,
846 1263 919 1291 sicut

138 1311 235 1347 magis
259 1320 295 1340 ea
317 1320 384 1347 quae
406 1313 474 1338 sunt
487 1311 556 1347 plus
579 1311 753 1345 necessaria,
778 1312 812 1338 ut
831 1313 919 1347 caput

138 1365 193 1394 pro
217 1366 277 1394 quo
293 1360 388 1386 totum
407 1366 515 1394 corpus
534 1358 732 1394 exponimus:
755 1358 813 1385 hoc
836 1366 917 1385 com-

138 1412 229 1432 mune
245 1407 287 1432 est
300 1404 388 1432 nobis
403 1406 431 1432 et
450 1405 554 1432 brutis.
573 1404 741 1432 Secundum
759 1404 918 1440 concupis-

139 1451 265 1478 centiam
285 1459 357 1478 vero
377 1451 528 1486 diligimus
546 1452 651 1482 Deum,
669 1451 739 1486 quia
754 1451 918 1478 necessitati

139 1499 245 1525 nostrae
259 1497 414 1532 subvenit3
431 1497 501 1533 quia
514 1498 572 1525 hoc
593 1505 695 1525 amore
710 1505 771 1524 non
787 1497 919 1532 diligitur

137 1551 184 1572 res
206 1545 328 1580 propter
350 1552 380 1572 se
392 1564 400 1578 ,
421 1543 473 1571 sed
497 1545 618 1579 propter
637 1551 724 1571 usum
748 1545 820 1579 ejus.
838 1544 918 1572 Unde

136 1592 194 1620 hoc
203 1592 296 1620 modo
311 1592 379 1628 plus
394 1591 492 1626 diligit
507 1591 598 1619 homo
615 1591 745 1626 seipsum
761 1591 918 1619 dilectione

137 1639 274 1672 naturali,
287 1647 379 1674 quam
394 1639 497 1666 Deum.

172 1687 262 1714 Amor
279 1685 402 1713 vitiosus
421 1684 626 1720 vituperabilis
641 1686 700 1719 est,
718 1684 789 1720 quia
812 1692 917 1720 pecca-

137 1734 198 1760 tum
215 1733 267 1766 est,
282 1734 309 1759 et
323 1731 414 1760 habet
425 1731 516 1759 finem
529 1731 727 1767 voluptatem,
744 1731 805 1758 sive
820 1731 918 1759 delec-

138 1778 279 1807 tationem
295 1778 326 1806 in
341 1780 483 1807 creatura.
500 1778 550 1805 llic
566 1785 651 1805 amor
670 1777 814 1805 dividitur
829 1778 918 1805 etiam

138 1825 169 1854 in
187 1825 365 1859 amicitiam,
395 1827 422 1852 el
446 1824 726 1860 concupiscentiam.
750 1824 918 1852 Secundum

139 1871 299 1900 amicitiam
314 1871 464 1906 diligimus
478 1871 535 1898 hoc
550 1879 651 1898 amore
666 1873 842 1905 creaturam,
856 1871 917 1899 sive

140 1917 365 1946 delectationem
380 1919 519 1945 creaturae
533 1919 655 1953 propter
673 1925 718 1952 se,
735 1918 872 1953 quamvis
887 1917 918 1945 in

139 1964 226 1992 nobis
250 1972 310 1991 non
332 1964 490 1998 habeatur;
519 1964 684 1991 secundum
711 1964 918 1999 concupiscen-

140 2011 210 2038 tiam
221 2018 293 2038 vero
309 2010 459 2045 diligimus
476 2011 656 2046 voluptatem
671 2013 811 2038 creaturae
826 2019 917 2047 prop-

141 2059 183 2085 ter
195 2065 260 2084 nos,

176 2106 266 2132 Amor
278 2103 386 2130 iterum
401 2102 556 2138 multiplex
575 2105 632 2137 est,
647 2103 757 2130 scilicet
777 2103 918 2130 naturalis

140 2158 210 2186 erga
233 2158 281 2184 se,
306 2149 373 2186 pius
395 2157 465 2184 erga
493 2150 649 2184 parentes,
675 2149 825 2183 jucundus
849 2157 918 2184 erga

139 2197 253 2231 socios,
271 2197 364 2232 justus
380 2204 449 2231 erga
470 2196 598 2229 amicos,
616 2195 761 2223 violentus
777 2203 848 2230 erga
861 2195 918 2222 ini-

139 2244 248 2278 micos,
265 2244 381 2270 sanctus
402 2250 471 2277 erga
487 2243 587 2269 Deum.
610 2243 679 2269 Item
699 2241 861 2269 differentia
877 2244 919 2270 est

138 2291 213 2319 inter
227 2297 372 2324 amorem,
388 2289 587 2322 dilectionem,
604 2291 631 2316 et
646 2289 816 2316 charitatem
829 2290 918 2325 :quia

139 2345 223 2364 amor
237 2336 357 2372 proprie
373 2337 415 2362 est
429 2337 551 2369 naturae,
569 2338 595 2362 et
615 2335 721 2362 dieitur
734 2344 818 2363 amor
833 2336 917 2372 quasi

138 2383 308 2411 animorum
324 2382 408 2415 unio,
427 2382 499 2417 quia
520 2381 631 2417 quietat
651 2382 814 2417 appetitum
839 2383 868 2409 in
886 2391 916 2409 re

139 2433 245 2458 amata.
271 2430 390 2457 Dilectio
413 2431 455 2457 est
483 2437 568 2456 amor
589 2429 739 2464 proximi,
759 2432 785 2456 et
812 2429 918 2457 dicitur

139 2478 246 2504 dilectio
262 2477 346 2513 quasi
358 2476 418 2503 duo
433 2475 530 2511 ligans
543 2484 549 2502 ε
568 2475 659 2503 sociat
673 2476 752 2503 enim
768 2478 917 2504 amantem

140 2530 208 2550 cum
233 2525 330 2550 amato
352 2522 383 2550 in
406 2530 523 2557 amore,
544 2524 576 2549 ut
600 2530 630 2549 se
653 2525 757 2550 mutuo
782 2523 914 2558 diligant.

141 2569 270 2598 Charitas
284 2572 326 2598 est
340 2577 424 2598 amor
439 2570 470 2596 in
485 2571 585 2596 Deum.
603 2571 667 2597 Haec
682 2569 810 2597 amicum
825 2570 917 2598 deter-

174 2627 270 2656 1ΒονηἿ
282 2633 307 2657 ν,
322 2629 345 2651 5.
361 2640 392 2644 -
407 2628 416 2643 ²
432 2628 602 2657 Ca1at.‚11‚t.
618 2628 762 2656 —³Jo(1u.‚
776 2634 818 2655 xv,
839 2629 874 2652 13.
886 2642 917 2647 -

175 2668 206 2698 (a)
224 2666 298 2697 Vulg.
315 2666 485 2691 dilectionem.

1692 215 1750 245 183

972 280 1065 311 minat
1091 282 1120 309 et
1144 279 1256 310 indicat
1283 280 1425 310 omnibus
1453 281 1598 309 cariorem
1628 289 1636 309 :
1669 280 1750 309 unde

972 326 1080 356 dicitur
1100 327 1218 355 charitas
1238 327 1323 364 quasi
1347 327 1437 356 chara
1460 327 1572 361 unitas,
1597 327 1645 356 vel
1667 327 1751 363 quasi

971 373 1096 401 charum
1123 373 1234 402 faciens
1258 375 1327 402 Deo.
1346 374 1410 402 Alia
1425 376 1467 403 est
1490 374 1657 405 differentia
1676 373 1751 402 inter

970 420 1114 456 praedicta
1125 429 1131 447 :
1142 421 1213 457 quia
1222 428 1356 450 amamus
1369 422 1459 451 Deum
1473 423 1593 458 propter
1604 429 1645 456 se,
1656 420 1751 457 diligi-

971 475 1039 498 mus
1054 475 1122 495 eum
1137 476 1225 504 super
1237 468 1355 496 omnia:
1368 467 1494 496 charitas
1503 470 1661 504 utrumque
1673 475 1751 496 com-

972 513 1118 550 plectitur,
1132 514 1241 542 scilicet
1253 522 1335 550 super
1350 515 1452 548 omnia,
1467 516 1495 542 et
1507 517 1619 550 propter
1629 522 1665 542 se.
1682 514 1751 542 Dili-

973 568 1041 596 gere
1057 562 1147 588 Deum
1157 561 1187 589 in
1206 561 1264 589 hoc
1283 560 1381 588 differt
1401 569 1418 589 a
1437 561 1594 589 dilectione
1609 561 1751 597 proximi,

972 607 1043 643 quia
1058 607 1182 643 diligere
1198 609 1289 635 Deum
1299 609 1342 636 est
1353 607 1430 635 velle
1439 607 1465 635 ei
1477 607 1593 635 bonum
1605 607 1688 643 quod
1702 607 1752 635 ha-

972 653 1033 688 bet,
1046 653 1156 682 scilicet
1171 654 1254 690 quod
1267 654 1302 682 sit
1312 653 1513 690 omnipotens,
1528 655 1557 682 et
1571 661 1685 681 summe
1696 653 1752 682 bo-

972 709 1040 735 nus,
1056 700 1283 736 ethujusmodi:
1300 701 1370 728 item
1379 701 1503 736 diligere
1516 703 1609 729 Deum
1624 701 1753 729 estvelle

973 749 1122 783 praecepta
1137 747 1199 782 eius
1220 755 1355 782 servare,
1371 756 1440 775 cum
1454 748 1616 776 intentione
1634 747 1753 776 fruendi

974 802 1009 821 eo
1022 803 1028 821 :
1041 794 1110 822 item
1121 793 1245 829 diligere
1257 795 1358 828 Deum,
1370 796 1412 822 est
1421 802 1490 822 eum
1498 795 1575 823 velle
1588 795 1752 831 possidere,

974 843 1002 868 et
1016 841 1054 868 ab
1067 841 1132 876 ipso
1145 841 1290 877 possideri
1303 851 1308 868 :
1323 841 1393 869 item
1404 841 1528 877 diligere
1540 844 1631 870 Deum
1647 844 1689 870 est
1702 850 1756 870 vo-

972 889 1116 917 luntatem
1129 890 1191 925 ejus
1205 890 1349 918 voluntati
1362 893 1469 918 nostrae
1480 889 1511 917 in
1526 890 1666 918 omnibus
1679 898 1754 926 prae-

973 935 1066 971 ferre,
1092 936 1214 972 diligere
1239 945 1311 964 vero
1336 937 1509 973 proximum
1521 958 1529 971 ,
1556 939 1598 964 est
1625 937 1702 964 velle
1727 937 1755 965 ei

974 991 1125 1011 summum
1147 984 1263 1011 bonum
1281 992 1343 1011 non
1366 992 1420 1020 per
1442 985 1615 1019 essentiam,
1631 984 1684 1012 sed
1703 992 1756 1020 per

975 1030 1100 1066 gratiam
1115 1039 1121 1057 :
1150 1029 1220 1057 ilem
1246 1030 1369 1065 diligere
1393 1031 1575 1066 proximum,
1605 1033 1647 1058 est
1674 1030 1756 1058 idem

975 1077 1063 1111 velle,
1088 1079 1116 1104 et
1136 1077 1218 1105 idem
1240 1077 1319 1105 nolle
1343 1078 1374 1105 in
1402 1077 1484 1105 bono
1503 1087 1508 1104 z
1539 1078 1610 1105 item
1633 1077 1755 1113 diligere

974 1123 1161 1159 proximum,
1177 1125 1219 1151 est
1239 1124 1439 1152 successivum
1462 1124 1577 1151 bonum
1601 1124 1626 1151 ni
1641 1126 1755 1160 optare,

976 1172 1003 1197 et
1017 1178 1148 1205 quaerere
1166 1179 1172 1198 :
1189 1170 1258 1198 item
1276 1170 1399 1206 diligere
1418 1170 1606 1206 proximum,
1622 1173 1664 1198 est
1678 1170 1756 1198 velle

976 1216 1002 1243 ei
1017 1216 1089 1250 hoc,
1109 1217 1194 1252 quod
1208 1217 1275 1244 sibi.
1298 1218 1345 1245 Est
1367 1217 1474 1244 iterum
1496 1217 1663 1245 differentia
1682 1216 1757 1245 inter

976 1262 1166 1290 dilectionem
1182 1263 1251 1296 Dei,
1269 1265 1297 1291 et
1317 1263 1467 1299 proximi:
1491 1263 1562 1299 quia
1585 1265 1676 1291 Deum
1691 1263 1757 1291 dili-

976 1309 1073 1344 gimus
1092 1309 1184 1344 inse,
1211 1312 1239 1337 et
1263 1313 1385 1346 propter
1407 1318 1457 1344 se;
1485 1310 1659 1346 proximum
1683 1317 1755 1338 vero

976 1355 1129 1391 diligimus
1143 1356 1174 1383 in
1189 1357 1257 1391 Deo,
1274 1358 1302 1384 et
1316 1359 1437 1392 propter
1450 1359 1552 1384 Deum.

1011 1402 1135 1436 Quando
1155 1404 1254 1430 autem
1274 1403 1400 1431 dicimus
1420 1403 1572 1439 duplicem
1586 1411 1648 1431 esse
1664 1403 1756 1431 chari-

975 1450 1063 1476 tatem
1074 1469 1083 1483 ,
1103 1449 1213 1476 scilicet
1233 1450 1299 1484 Dei,
1320 1452 1347 1477 et
1361 1450 1507 1485 proximi,
1522 1450 1584 1478 haec
1599 1449 1757 1485 duplicitas

974 1502 1035 1522 nou
1052 1495 1224 1530 intelligitur
1239 1499 1383 1532 quantum
1398 1497 1437 1524 ad
1452 1496 1580 1531 habitus,
1594 1496 1647 1523 sed
1661 1504 1756 1532 quan·

975 1542 1038 1568 tum
1053 1541 1091 1568 ad
1115 1544 1211 1576 actus,
1228 1542 1300 1578 quia
1317 1551 1377 1570 uno
1399 1543 1502 1570 habitu
1525 1543 1671 1570 charitatis
1691 1542 1756 1570 dili-

975 1589 1052 1623 gitur
1076 1590 1150 1615 Deus
1174 1591 1201 1616 et
1226 1589 1390 1624 proximus
1416 1590 1548 1617 Charitas
1571 1589 1755 1625 quandoque

975 1635 1046 1662 dicit
1058 1635 1194 1663 habitum
1210 1638 1218 1652 ¹
1233 1645 1241 1662 :
1259 1636 1384 1663 Charitas
1404 1637 1454 1663 Dei
1468 1629 1571 1670 diffusa
1586 1639 1624 1663 est
1639 1638 1683 1670 in,
1700 1638 1753 1664 etc.

974 1682 1160 1717 Quandoque
1184 1682 1254 1709 dicit
1281 1684 1396 1710 motum
1417 1683 1427 1698 ²
1453 1691 1459 1710 :
1485 1683 1632 1711 Ordinavc't
1660 1684 1689 1709 in
1714 1691 1756 1710 me

973 1730 1145 1756 charitatem.
1160 1729 1346 1764 Quandoque
1356 1729 1492 1764 signum3
1502 1729 1582 1757 unde
1591 1730 1752 1757 Joanncs³z

973 1777 1105 1810 Majorem
1120 1777 1279 1803 charitatem
1291 1776 1324 1811 (a)
1341 1784 1415 1803 nemo
1430 1777 1525 1808 habet,
1542 1776 1573 1803 id
1589 1778 1640 1811 est,
1656 1776 1754 1811 majus

974 1823 1092 1857 signum
1116 1822 1225 1850 scilicet
1246 1822 1403 1850 charitatis.
1427 1822 1613 1858 Quandoque
1638 1823 1754 1850 tertiam

973 1877 1132 1905 personam
1148 1869 1177 1896 in
1188 1869 1323 1897 Trinitate
1337 1871 1346 1886 ³
1364 1878 1370 1896 ε
1387 1871 1456 1896 Deus
1467 1870 1588 1897 charitas
1597 1872 1651 1901 est;
1669 1872 1697 1897 et
1711 1869 1752 1896 sic

974 1917 1099 1943 sumitur
1109 1916 1313 1952 personaliter.
1326 1916 1511 1952 Quandoque
1522 1916 1647 1944 sumitur
1659 1923 1755 1943 essen-

974 1963 1090 1997 tialiter,
1103 1965 1131 1990 et
1144 1963 1185 1990 sic
1197 1965 1256 1990 tota
1269 1963 1390 1990 Trinitas
1401 1962 1507 1990 dicitur
1518 1964 1645 1989 charitas.
1658 1962 1754 1996 Quan-

975 2009 1075 2045 doque
1090 2009 1214 2037 sumitur
1234 2018 1288 2045 pro
1303 2009 1419 2037 fervore
1442 2009 1588 2036 charitatis
1603 2018 1610 2043 5
1627 2008 1706 2035 unde
1723 2007 1753 2035 in

973 2057 1050 2084 Luca
1064 2057 1073 2072 Β
1090 2065 1096 2083 ;
1117 2058 1236 2083 Dimissa
1254 2059 1317 2083 sunt
1340 2058 1365 2083 ei
1380 2058 1490 2090 peccata
1509 2056 1608 2089 multa,
1626 2056 1753 2090 quonium

973 2103 1072 2130 ditescit
1086 2104 1209 2130 multum.

1222 2195 1366 2229 CAPUT
1389 2196 1498 2230 XXV.

1191 2268 1228 2293 De
1253 2268 1344 2301 effecta
1368 2267 1531 2295 Gharitatz‘s.

1009 2336 1139 2364 Charitas
1148 2338 1156 2363 1
1166 2358 1171 2364 .
1183 2338 1338 2372 peccatum
1353 2336 1486 2372 expcllit3
1498 2336 1578 2364 unde
1590 2336 1626 2364 de
1634 2336 1752 2371 Magda—

972 2383 1040 2410 lena
1061 2382 1167 2410 dicitur
1185 2383 1194 2399 ⁵
1222 2391 1229 2409 τ
1254 2384 1373 2410 Dimissa
1391 2386 1454 2409 sunt
1479 2384 1504 2410 ei
1524 2385 1633 2418 peccata
1652 2384 1749 2416 multa,

973 2431 1100 2464 quoniam
1113 2429 1212 2456 dileaeic
1222 2430 1344 2456 multum.
1353 2430 1380 2455 ⁶2.
1393 2430 1499 2464 Legem
1510 2429 1639 2456 custodit
1650 2428 1659 2444 ⁶
1674 2438 1680 2455 :
1698 2429 1755 2462 Qui*

973 2477 1066 2510 diliyit
1085 2478 1240 2511 proximum
1262 2484 1353 2508 suum,
1383 2478 1435 2503 etc.
1460 2477 1486 2502 3.
1517 2477 1608 2502 Deum
1636 2474 1750 2502 homini

970 2522 1106 2558 jungit⁷:
1121 2524 1175 2556 Qui
1187 2525 1274 2549 manet
1285 2524 1315 2548 in
1327 2523 1466 2553 charitate,
1481 2523 1510 2548 in
1523 2524 1575 2548 Deo
1586 2524 1682 2552 manet,
1695 2522 1748 2548 etc.

972 2570 998 2596 4.
1015 2571 1140 2597 Mentem
1155 2569 1312 2596 virtutibus
1333 2568 1440 2596 ornat⁸
1461 2578 1469 2595 .·
1495 2568 1620 2595 Charitas
1641 2569 1750 2602 patiens

972 2632 982 2648 ⁴
998 2632 1004 2655 l
1021 2633 1102 2662 lona,
1118 2638 1154 2662 IV,
1168 2633 1190 2656 8.
1207 2644 1236 2648 --
1249 2632 1258 2648 ⁵
1274 2632 1340 2659 Luc..
1365 2637 1413 2661 νιῐ,
1430 2632 1468 2655 47.
1483 2643 1511 2647 —
1529 2631 1538 2646 ⁵
1554 2630 1609 2653 Rom
1623 2648 1629 2658 ,
1647 2635 1707 2660 xm,
1724 2630 1746 2653 8.

974 2667 1022 2686 -7
1041 2669 1047 2692 l
1064 2668 1146 2696 loom,
1161 2672 1196 2697 iv,
1214 2668 1250 2691 16.
1262 2680 1292 2685 -
1306 2667 1339 2689 ⁸1
1357 2667 1535 2695 C0r.,x111‚4.
