2004 3037
277 213 337 244 308

277 285 367 315 super
394 275 498 306 omnia
519 275 604 304 timet
631 273 777 304 offensam
804 275 914 312 patris,
943 274 1060 303 etiamsi

275 326 360 362 pater
381 331 444 353 non
469 321 636 352 intenderet
657 329 728 350 eum
746 323 918 359 percutere;
941 322 984 350 sic
1005 321 1060 358 qui

275 372 367 401 habet
393 371 533 400 timorem
557 369 674 417 Domini
695 369 838 407 filialem,
866 370 960 399 instar
985 369 1060 398 boni

275 419 348 454 filii,
372 419 456 448 timet
476 420 504 447 et
527 419 613 447 cavet
635 417 782 448 offensam
803 418 895 447 Patris
919 418 1060 453 coelestis,

276 465 392 494 etiamsi
405 474 444 494 ex
455 465 570 494 offensa
579 465 632 493 illa
643 464 719 493 nihil
736 464 771 501 (a)
785 465 859 494 mali
871 464 994 493 deberet
1002 464 1061 494 sibi

276 512 422 542 accidere.
438 513 477 541 De
496 512 554 540 hoc
573 511 664 540 etiam
683 511 790 540 timore
805 511 913 540 dicitur
931 511 965 540 in
984 511 1062 540 Psal-

275 568 327 588 mo
338 560 346 577 ¹
364 569 372 588 ε
385 561 476 588 Timor
487 559 596 587 Domini
607 561 729 591 sanctus,
737 561 880 594 permanet
892 560 922 586 in
934 558 1061 587 soeculum

276 609 377 638 soeculi.
400 609 454 636 tste
474 607 562 636 timor
584 615 603 635 a
621 605 729 635 sanctis
750 605 924 634 doctoribus
937 607 1062 634 vocatur

276 658 373 684 castus
387 655 495 690 timor,
517 654 615 692 qualis
629 653 812 682 famulorum
834 654 993 688 Susannae‚
1009 652 1062 689 qui

276 702 442 731 secundum
467 701 618 730 Danielem
638 703 650 719 ²
676 700 917 729 verecundantur
944 699 1060 737 specia-

276 749 356 782 liter,
373 751 401 777 et
418 749 523 777 timent
540 749 571 777 in
590 748 670 785 turpi
689 748 778 776 facto.
799 748 867 776 Sine
880 747 939 775 hoc
956 747 1062 775 timore

275 795 463 825 verecundiae
484 795 559 824 nihil
575 797 688 824 rectum
703 802 766 823 esse
787 795 899 831 potest,
918 793 993 822 nihil
1007 793 1062 822 ho-

275 845 409 878 nestum,
429 844 462 871 ut
480 842 551 870 dicit
568 842 690 872 Tullius.
715 843 754 870 De
773 841 832 870 hoe
850 841 956 870 timore
977 847 1062 868 vere-

277 890 377 920 cundo
399 890 471 918 dicit
497 889 664 918 Bernardus
689 888 858 922 mirabilia,
881 895 964 923 super
991 887 1063 914 Can-

278 941 334 968 tica
347 941 358 958 ³
375 949 382 968 :
406 949 420 966 α
439 938 554 974 Timor,
575 937 690 974 inquit,
710 935 900 965 verecundus
923 937 952 963 et
966 937 1063 963 castus

277 989 320 1015 est
340 986 476 1015 omnium
499 987 619 1014 aetatum
641 986 780 1019 ornatus,
802 983 857 1012 sed
878 983 909 1011 in
935 981 1063 1018 juvenili

277 1036 360 1063 oetate
384 1033 514 1070 amplius
532 1031 672 1061 enitescit.
698 1031 775 1065 Quid
800 1031 880 1058 enim
903 1029 1063 1058 amabilius

277 1080 449 1110 verecundo
471 1080 680 1108 adolescente?
696 1079 790 1112 Quam
811 1077 937 1114 pulchra
958 1076 1020 1104 hoec
1035 1078 1064 1104 et

278 1127 440 1165 splendida
448 1135 568 1163 gemma
579 1134 699 1154 morum
710 1125 740 1153 in
752 1124 837 1152 vultu
849 1123 1059 1152 adolescentis!

278 1176 374 1209 Quam
388 1182 460 1203 vera
474 1176 502 1202 ct
516 1173 639 1202 minime
655 1171 748 1200 dubia
762 1171 850 1199 honae
865 1171 970 1198 nuntia
980 1170 1060 1206 spei!

278 1223 364 1250 Bonoe
375 1221 486 1249 indolis
507 1220 607 1255 index,
623 1227 708 1247 soror
723 1218 911 1246 continentiae
925 1219 977 1245 est.
994 1216 1063 1245 Nul-

278 1268 342 1296 lum
356 1276 440 1304 oeque
456 1266 646 1296 manifestum
657 1266 776 1301 signum
797 1264 976 1293 columbina}
991 1263 1062 1291 sirn-

278 1315 415 1351 plicitatis
445 1324 452 1342 :
477 1314 554 1342 testis
583 1312 772 1346 innocentiae,
802 1311 918 1348 lampas
946 1311 1063 1347 pudicae

278 1361 400 1396 mentis,
415 1360 551 1397 specialis
567 1359 664 1395 gloria
676 1358 878 1392 conscientiae,
894 1358 979 1386 sainoe
994 1366 1061 1385 cus-

279 1409 338 1442 tos,
353 1408 420 1436 vitae
435 1407 536 1442 decus,
553 1407 667 1434 virtutis
681 1406 766 1434 sedes
779 1427 787 1440 ,
803 1405 944 1432 virtutum
960 1404 1063 1440 primi-

278 1455 344 1489 tiae,
371 1456 484 1482 naturoe
513 1454 579 1482 laus
592 1474 599 1486 ‚
629 1452 745 1488 insigne
776 1452 863 1480 totius
892 1451 1062 1479 honestatis.

278 1501 378 1530 Merito
396 1501 485 1537 igitur
498 1501 551 1528 iste
567 1500 656 1528 timor
670 1502 759 1527 custus
777 1498 901 1532 dicitur,
925 1498 996 1533 quia
1012 1497 1064 1533 qui

279 1549 416 1577 timorem
430 1548 518 1576 istum
533 1547 623 1575 habet
634 1547 724 1574 instar
739 1545 862 1581 virginis
877 1544 984 1579 Mai-ite,
998 1546 1064 1571 ante

278 1598 397 1632 partum
412 1603 535 1624 suorum
551 1602 676 1630 operum
688 1615 695 1627 ,
714 1595 741 1620 ct
756 1596 823 1628 post
836 1594 972 1628 pai-unu,
987 1599 1064 1619 scm-

279 1651 332 1680 per
346 1645 446 1671 manet
467 1642 665 1677 incorruptus
686 1642 717 1667 Et
737 1640 812 1667 sicut
835 1641 928 1666 mater
950 1638 997 1665 Dei
1023 1640 1066 1665 cst

280 1691 380 1725 virgo,
397 1691 424 1717 et
439 1689 530 1717 decor
548 1687 719 1723 virginu1n;
741 1687 780 1713 sic
798 1687 886 1714 timor
901 1686 952 1713 isto.
968 1687 1064 1712 castus

281 1736 372 1764 decor
387 1738 439 1770 est,
453 1737 480 1763 et
494 1735 578 1770 virgo
593 1735 734 1761 virtutum
750 1733 866 1760 animae.
886 1743 898 1757 ι)

317 1785 388 1811 ltem
402 1784 470 1818 post
489 1781 603 1809 donum
623 1780 736 1808 timoris
756 1779 916 1807 dicendum
937 1780 1011 1805 essct
1027 1777 1063 1805 de

283 1830 364 1857 dono
387 1829 519 1865 pietatis:
541 1827 593 1854 sed
615 1826 686 1862 quia
708 1826 800 1862 pictas
825 1825 904 1852 idciu
933 1827 993 1859 est,
1018 1824 1063 1851 vel

283 1875 368 1913 quasi
384 1875 464 1902 idem
479 1882 547 1901 curn
562 1872 780 1906 misericordia,
800 1871 867 1898 ideo
883 1871 973 1905 insi-a,
996 1879 1065 1897 cum

283 1923 416 1950 dicemus
431 1921 468 1949 de
487 1919 730 1951 beatitudinibus
748 1918 778 1945 in
798 1917 920 1945 materia
936 1917 968 1945 de
982 1918 1064 1944 Mise-

281 1970 416 2001 ricordia,
434 1976 499 2004 cap.
516 1976 556 2000 iv,
572 1966 656 1994 titulo
673 1966 728 2000 Vll,
744 1966 780 1993 dc
796 1965 902 2001 pietate
919 1964 1063 1991 dit-cinus.

282 2017 353 2045 Item
373 2018 440 2052 post
462 2014 574 2042 donum
600 2013 716 2049 pietatis
739 2014 814 2039 esset
839 2011 1002 2038 dicendum
1028 2011 1065 2038 de

284 2064 365 2092 dono
380 2062 523 2097 scientiae3
536 2061 589 2089 sed
604 2061 675 2097 quia
690 2059 811 2088 scicntia
824 2058 863 2086 ad
874 2058 1066 2094 prudentiam

283 2111 379 2147 potest
392 2109 512 2142 reduci,
528 2108 595 2136 idco
614 2108 664 2135 illa
688 2116 753 2143 quae
768 2107 797 2134 in
813 2106 937 2134 materia
952 2106 984 2133 <Ic
1004 2107 1065 2132 Vir-

284 2158 388 2184 tutibus
408 2164 498 2192 supra
516 2155 594 2183 dicta
611 2156 679 2182 sunt
701 2154 737 2181 dc
761 2153 938 2189 prudentia,
954 2160 1018 2187 cap.
1036 2160 1065 2185 v,

285 2204 369 2232 titulo
383 2205 403 2230 V
414 2202 438 2238 ⁴,
452 2202 596 2239 applicari
611 2203 735 2237 possunt
745 2200 784 2227 ad
796 2208 840 2234 ea,
853 2208 919 2235 qua}
935 2199 971 2226 de
984 2199 1064 2226 dono

285 2249 411 2277 scientiae
426 2252 493 2276 sunt
509 2248 644 2275 dicenda.
663 2250 693 2274 tit
710 2249 776 2282 post
795 2246 909 2273 donum
926 2245 1064 2280 scientim,

285 2299 359 2324 esset
374 2296 535 2324 dicendum
555 2295 592 2322 dc
613 2293 800 2327 fortitudi11e;
826 2293 878 2320 scd
896 2293 967 2328 quia
982 2293 1065 2320 sorti-

287 2343 358 2371 tudo
379 2351 439 2370 non
460 2344 571 2369 tantuin
596 2343 637 2367 cst
657 2340 787 2373 donum,
804 2340 856 2366 sed
872 2340 978 2373 virius,
997 2339 1065 2367 ideo

287 2390 324 2418 de
337 2389 507 2417 fortitudine
523 2387 670 2415 sufficiant
685 2395 750 2421 qua:
766 2386 843 2413 dicta
858 2390 924 2413 sunt
940 2386 969 2413 iu
983 2387 1066 2421 cupi-

286 2437 349 2465 tulo
369 2437 401 2464 (Ie
419 2437 536 2467 Virtute,
553 2436 579 2461 et
592 2433 756 2469 specialiter
771 2433 800 2460 in
817 2433 941 2461 materia
955 2434 988 2461 <lc
1002 2434 1065 2460 For-

288 2483 416 2518 τίιιιάίηε,
433 2490 497 2518 cap.
513 2490 563 2515 vn,
581 2481 621 2508 tit.
637 2481 657 2506 V
670 2480 691 2507 ⁵.

318 2571 326 2587 i
342 2569 413 2594 Psal,
429 2574 508 2598 xviii,
529 2569 566 2591 to.
583 2579 612 2584 —
631 2566 641 2581 ἒ
664 2566 738 2594 Imm,
754 2570 796 2593 m,
812 2566 849 2588 27.
866 2577 896 2582 —
914 2564 923 2580 ³
938 2565 1023 2591 Bvrn„
1040 2564 1066 2588 in

287 2605 370 2633 Cant.,
386 2611 462 2628 serm.
481 2608 586 2633 Lxxxw,
599 2602 684 2625 statim
700 2608 713 2624 u
724 2600 837 2631 pri11c..—
850 2600 859 2615 ὅ
876 2601 934 2629 t‘ug.
951 2602 1065 2624 :tilii-301.

285 2655 316 2659 —
336 2643 346 2659 ⁸
361 2641 421 2671 Pug.
444 2640 558 2664 :loo—1301.
576 2651 606 2655 —
626 2639 634 2650 ¹³
657 2638 718 2667 l'ag.
745 2638 858 2659 302-:203.
885 2649 910 2652 —
936 2635 943 2650 ⁷
967 2635 1044 2659 ticeli.
1061 2654 1067 2665 ,

286 2684 374 2708 xxxii,
385 2679 423 2701 24.
436 2688 466 2695 —-
476 2675 488 2694 ⁸
502 2675 585 2702 Pron„
600 2680 637 2704 ΣΙ,
655 2674 691 2696 1-2.

825 206 969 240 DIAETAE
990 206 1157 239 SALUTlS
1178 206 1256 239 TIT.
1279 205 1333 239 vl.

1396 320 1541 356 CAPUT
1567 321 1610 356 11.
1650 310 1651 313 ’
1671 293 1674 295 ’

1360 395 1400 422 De
1425 394 1496 423 dono
1519 395 1646 424 Consilii.

1151 464 1219 492 Post
1236 463 1352 493 donum
1369 464 1565 500 fortitudinis,
1582 466 1659 494 esset
1680 455 1842 495 dicendum
1856 465 1895 494 de

1116 511 1198 539 dono
1213 511 1328 540 consilii
1337 521 1346 548 ;
1361 512 1414 540 sed
1429 520 1528 548 pauca
1540 512 1579 540 de
1599 511 1680 541 dono
1700 512 1817 543 consilii
1828 513 1898 542 sunt

1116 559 1259 595 dicenda,
1274 561 1302 587 et
1314 559 1372 588 hoc
1395 559 1467 596 quia
1481 559 1521 587 ad
1541 558 1656 588 donum
1673 559 1790 588 consilii
1809 559 1913 596 perti-1

1115 608 1187 634 nent
1206 606 1267 634 fere
1286 606 1402 638 omnia.
1425 614 1492 643 quae
1514 606 1651 642 superius
1668 606 1700 635 in
1719 605 1850 643 capitulo
1864 606 1899 637 de

1119 653 1278 681 Virtutibus
1301 655 1329 681 et
1351 653 1384 681 de
1406 654 1515 681 Virtute
1536 653 1693 682 Prudentiae
1713 654 1783 682 sunt
1802 652 1899 689 dieta,

1116 708 1182 738 cap.
1198 709 1251 736 vn,
1266 701 1309 729 tit:
1323 702 1345 728 v
1360 701 1380 728 ⁶.
1395 702 1468 729 Nam
1481 701 1641 737 prudentia
1653 703 1682 729 et
1696 701 1855 730 consilium
1868 700 1901 729 in
1914 710 1968 731 Ρη
1981 724 1983 726 .

1115 747 1174 775 hoc
1194 747 1349 783 diflerunt,
1365 747 1449 784 quod
1463 748 1623 776 consilium
1647 748 1719 776 dicit
1733 750 1833 776 utrum
1847 747 1901 776 ali·
1933 756 1988 793 ms

1117 794 1192 830 quid
1205 794 1243 822 sit
1259 793 1422 830 agendum;
1437 795 1597 831 prudentia
1610 803 1682 824 vero
1697 794 1826 823 ostendit
1838 802 1900 831 quo
1923 802 1980 824 nun

1117 841 1176 869 tine
1185 861 1194 876 ‚
1209 843 1238 869 et
1254 841 1365 877 quibus
1379 839 1606 869 circumstantiis
1621 841 1776 876 adhibitis,
1792 843 1826 869 ut
1839 848 1900 878 quo
1915 839 1962 887 Ἓξ
1983 845 1988 881 J

1117 890 1262 924 tempore,
1278 889 1305 915 et
1317 887 1444 924 qualiter
1460 887 1575 924 aliquid
1589 888 1627 916 sit
1640 887 1811 924 agendum:
1827 887 1904 916 sieut

1117 934 1238 963 alterius
1264 937 1307 963 est
1335 934 1463 963 scientiae
1487 942 1668 970 cognoscere
1697 942 1736 964 an
1763 933 1904 971 expediat

1118 982 1251 1018 aliquem
1277 981 1404 1017 salvari,
1432 982 1551 1010 alterius
1577 990 1650 1011 vero
1675 982 1749 1010 scire
1777 981 1904 1018 qualiter

1119 1029 1236 1065 aliquid
1264 1029 1300 1056 sit
1321 1028 1512 1064 salvandum,
1531 1029 1603 1065 quia
1625 1028 1756 1065 primum
1777 1027 1906 1065 pertinet

1118 1075 1158 1103 ad
1178 1075 1375 1110 theologiam,
1390 1075 1555 1103 secundum
1571 1075 1610 1103 ad
1625 1075 1816 1104 medicinam.
1833 1076 1903 1103 ltem

1119 1121 1234 1150 donum
1257 1122 1372 1150 consilii
1400 1122 1591 1151 excellentius
1610 1125 1670 1157 est,
1696 1130 1790 1158 quam
1810 1121 1903 1150 virtus

1118 1169 1300 1205 prudentiae,
1329 1169 1401 1205 quia
1416 1169 1575 1197 consilium
1588 1171 1692 1197 contra
1712 1177 1802 1198 omne
1825 1176 1903 1205 prae-

1119 1216 1252 1252 cipitium
1271 1216 1410 1244 virtutem
1429 1215 1595 1252 prudentiae
1613 1215 1770 1250 rectificat,
1782 1223 1820 1244 ne
1837 1217 1905 1252 post

1118 1263 1230 1291 factum
1254 1263 1394 1300 pwnitcat
1413 1272 1419 1290 :
1446 1264 1474 1291 et
1491 1263 1540 1291 hic
1563 1262 1684 1299 proprie
1709 1265 1751 1290 est
1774 1264 1856 1290 aetus
1877 1264 1906 1290 et

1120 1318 1196 1346 opus
1212 1310 1338 1344 consilii,
1350 1309 1461 1337 scilicet
1475 1309 1635 1346 prohibere
1650 1308 1863 1346 praecipitium,
1877 1311 1906 1336 ct

1120 1365 1235 1385 cavere.
1253 1357 1332 1385 Sicut
1353 1357 1431 1395 enim
1447 1356 1604 1390 videmus,
1621 1355 1704 1391 quod
1725 1355 1841 1383 frenum
1862 1358 1905 1383 est

1121 1403 1224 1429 contra
1237 1400 1432 1437 praecipitium
1447 1400 1531 1437 equis
1539 1401 1571 1435 (11)
1582 1410 1590 1434 ;
1605 1400 1646 1428 sic
1660 1399 1776 1428 bonum
1790 1400 1904 1428 consilii

1121 1450 1224 1475 contra
1239 1440 1430 1475 communem
1450 1447 1713 1484 praecipitationem
1729 1447 1827 1483 operis
1846 1447 1904 1475 bo-

1121 1495 1176 1522 nis.
1198 1496 1229 1522 Et
1244 1494 1311 1522 ideo
1327 1494 1434 1522 dicitur
1453 1494 1483 1521 in
1498 1495 1685 1522 Ecclesiastico
1704 1494 1714 1511 ⁷
1731 1503 1738 1521 :
1753 1494 1817 1522 Sine
1841 1502 1903 1522 con-

1120 1543 1183 1569 silio
1203 1542 1274 1568 nihil
1296 1543 1384 1575 stirias
1394 1562 1402 1575 ‚
1423 1544 1484 1576 post
1500 1541 1574 1576 cujus
1589 1541 1623 1578 (c)
1637 1542 1740 1575 sactum
1755 1549 1807 1569 non
1816 1543 1904 1577 ρωπί-

1120 1589 1197 1615 tabis.
1218 1589 1266 1616 ttis
1289 1588 1468 1624 suppositis,
1494 1588 1568 1615 inter
1592 1587 1644 1615 illa
1667 1595 1764 1624 pauca
1785 1596 1851 1624 quae
1865 1588 1903 1616 dc

1121 1635 1203 1663 dono
1224 1635 1339 1663 consilii
1364 1637 1431 1663 sunt
1451 1634 1592 1668 dicenda,
1607 1637 1674 1662 sunt
1693 1635 1755 1662 haec
1780 1634 1904 1663 consilia

1121 1682 1262 1709 notanda.

1158 1730 1237 1756 Nunc
1252 1728 1288 1755 de
1305 1728 1428 1755 consilio
1445 1728 1610 1763 specialiter
1625 1730 1695 1756 nota
1710 1728 1777 1763 tria,
1795 1727 1903 1756 scilicet

1122 1782 1187 1809 (μω)
1207 1777 1273 1801 sunt
1298 1775 1325 1801 in
1347 1774 1472 1802 consilio
1494 1774 1673 1808 necessaria,
1696 1783 1762 1810 quae
1785 1777 1852 1802 sunt
1872 1774 1902 1802 in

1122 1821 1247 1849 consitio
1263 1821 1438 1855 laudabilia,
1449 1824 1476 1849 ct
1491 1830 1557 1857 quae
1568 1821 1603 1848 sit
1613 1821 1807 1849 consiliorum
1822 1820 1906 1849 diffe-

1122 1869 1226 1895 rentia.
1250 1868 1345 1895 Primo
1368 1876 1438 1902 ergo
1459 1867 1622 1895 dicendum
1637 1869 1681 1894 est
1703 1876 1770 1903 quae
1788 1870 1855 1895 sunt
1874 1868 1903 1895 in

1122 1915 1247 1942 comitio
1264 1914 1440 1942 neccssaria.
1466 1916 1497 1942 Et
1519 1917 1604 1948 nota,
1625 1913 1709 1949 quod
1728 1914 1759 1941 in
1781 1914 1904 1942 consilio
1928 1932 1962 1956 0„
1996 1905 2001 1938 *ι

1122 1965 1251 1997 quatuor
1275 1964 1341 1989 sunt
1369 1961 1536 1989 necessario
1566 1960 1772 1995 observanda,
1797 1955 1998 1993 scilicetmwf

1123 2009 1296 2044 expediens,
1311 2008 1408 2043 facilc,
1423 2010 1535 2036 certum
1551 2010 1577 2035 et
1590 2016 1736 2035 securum.
1753 2007 1906 2036 Contraria
1920 1994 1981 2046 0:2¹5„
1996 2014 1999 2023 '

1122 2055 1246 2083 istorum
1262 2056 1398 2089 vitanda,
1419 2055 1530 2082 scilicet
1552 2054 1750 2089 damnosum,
1766 2054 1904 2089 difficile,

1123 2102 1284 2136 incertum,
1309 2106 1336 2130 ct
1362 2102 1573 2138 periculosum.
1603 2101 1683 2129 Unde
1705 2101 1755 2129 ille
1780 2101 1831 2138 qui
1856 2101 1907 2130 dat

1123 2151 1297 2182 consilium,
1319 2150 1431 2177 caeteris
1459 2149 1596 2185 pai-ibim,
1618 2148 1707 2176 debet
1732 2156 1904 2185 praeponere

1124 2197 1284 2232 expediens
1300 2197 1462 2230 damnoso,
1478 2195 1565 2223 facile
1582 2195 1714 2229 ditlicili,
1729 2198 1841 2223 certum
1860 2195 1906 2223 in-

1123 2247 1214 2278 certo,
1231 2252 1368 2272 securum
1384 2242 1564 2278 periculoso.
1585 2243 1706 2278 Propter
1725 2242 1824 2270 omnia
1841 2241 1903 2277 illa,

1123 2290 1229 2318 dicitur
1245 2291 1274 2317 in
1298 2290 1452 2317 Proverbiis
1467 2290 1496 2318 ⁸:
1518 2291 1580 2316 Erit
1599 2290 1673 2317 sulus
1689 2289 1738 2324 (d),
1753 2289 1802 2316 ubi
1818 2289 1905 2316 multa

1123 2340 1245 2366 consilia.

1157 2385 1292 2412 Secundo
1312 2384 1478 2412 videndum
1494 2386 1552 2418 est,
1568 2391 1634 2419 quae
1653 2384 1720 2410 sunt
1735 2382 1765 2410 in
1779 2382 1904 2411 consilio

1123 2432 1296 2459 laudabilia.
1321 2434 1352 2459 Et
1376 2434 1463 2466 nota,
1480 2431 1563 2467 quod
1584 2431 1613 2458 in
1631 2430 1756 2457 consilio
1775 2432 1904 2466 quatuor
1927 2447 1960 2471 0„
1994 2451 1997 2460 ,.

1123 2482 1189 2506 sunt
1203 2479 1378 2513 laudabilia,
1396 2479 1507 2506 scilicet
1523 2477 1617 2513 gratia
1633 2477 1790 2504 eonsilium
1803 2477 1902 2513 requi·
1918 2476 1969 2512 ¹³¹3d

1122 2525 1222 2560 rendi,
1242 2526 1335 2561 gratia
1352 2526 1508 2554 consilium
1529 2524 1679 2559 eligendi,
1697 2523 1791 2559 gratia
1807 2523 1902 2551 consi·
1923 2508 1967 2560 02¹⁵

1122 2572 1197 2600 lium
1212 2573 1383 2607 exhibendi,
1395 2575 1422 2601 ct
1437 2572 1530 2607 gratia
1545 2571 1701 2600 consilium
1716 2569 1900 2607 acquirendi.

1155 2636 1189 2665 (ni
1207 2635 1269 2659 CM.
1285 2636 1343 2659 edit.
1367 2635 1436 2659 illud.
1449 2648 1479 2652 —
1495 2634 1524 2665 (b)
1544 2634 1586 2658 ΑΙ.
1609 2635 1676 2665 equi.
1689 2647 1720 2652 -
1736 2634 1766 2664 (c)
1782 2633 1857 2664 vulg.
1878 2635 1902 2657 ct

1121 2674 1184 2701 post.
1199 2684 1225 2688 —
1242 2672 1276 2703 (d)
1287 2673 1362 2704 Vulg.
1379 2671 1452 2695 Salus
1466 2674 1558 2695 autem.
