2004 3037
232 202 292 233 176

231 266 301 294 item
309 265 438 298 liberum
447 261 617 296 arbitrium3
627 261 700 288 item
711 259 843 295 intentio,
853 259 916 288 sive
926 258 1005 287 finis.

230 312 278 340 His
291 301 382 338 tribus
395 307 578 346 respondent
595 307 651 335 tria
667 314 704 334 ex
717 308 800 342 parte
816 306 882 340 Dei,
897 305 1008 333 scilicet

230 357 342 394 gratia,
355 355 448 384 virtus
458 376 468 390 ,
490 354 625 383 charitas.
640 355 673 381 Et
687 353 781 388 gratia
795 351 920 388 quidem
937 351 1007 380 red-

231 404 274 432 dit
287 403 454 438 subjectum
469 403 527 429 Deo
542 402 678 436 gratum;
694 399 787 427 virtus
801 400 901 426 autem
923 397 1008 426 habi-

229 450 294 478 litat
312 449 441 477 liberum
461 447 618 476 arbitrium
631 456 640 482 3
666 445 792 474 charitas
811 452 883 473 vero
911 443 1010 479 dirigit

230 495 424 524 intentionem
438 493 477 522 ad
488 493 622 522 debitum
632 492 733 519 finem.
748 491 821 519 Dicit
829 489 1009 526 Augustinus

231 541 316 579 quod
332 551 346 568 α
359 541 499 570 meritum
523 539 654 568 consistit
667 540 763 575 ‘penes
780 537 911 566 liberum
931 536 1010 564 arbi-

230 590 318 618 trium
328 599 336 624 ;
348 599 362 616 n
381 587 604 617 occasionaliter
617 587 675 614 hoc
690 585 780 620 dicit,
795 585 867 621 quia
880 583 1010 612 liberum

231 635 387 664 arbitrium
408 635 477 663 facit
500 633 539 662 ad
560 632 719 666 meritum,
742 631 794 659 scd
807 639 870 659 non
892 630 1008 659 sufficit.

231 684 303 711 ltem
319 691 333 707 ι(
348 689 440 718 penes
453 681 610 715 virtutem;
626 689 639 706 n
658 678 820 707 formaliter
838 678 897 706 hoc
921 677 1010 712 dicit,

232 729 302 765 quia
317 737 353 756 ex
366 728 472 755 virtute
484 728 628 762 tanquam
643 733 679 753 ex
693 724 790 753 forma
801 724 937 760 procedit
947 731 1011 751 mo-

232 777 288 811 tuS‚
305 777 333 802 et
348 774 462 802 elicitur
476 773 514 801 de
528 771 670 809 potentia.
686 772 757 799 ltem
767 778 882 806 «penes
896 772 1011 798 motum

231 821 388 856 virtutum3
405 830 419 847 »
437 819 628 848 essentialiter
642 818 700 846 hoc
720 817 807 852 dicit,
823 817 894 853 quia
912 817 1011 844 motus

234 867 427 896 essentialiter
441 869 484 894 est
497 865 648 900 meritum,
661 864 733 900 quia
742 871 832 899 penes
847 863 945 899 ipsum
957 864 1010 890 est.

233 916 320 950 ltem,
339 924 353 940 «
366 921 457 950 penes
480 912 605 948 gratiam
615 932 624 946 ,
639 921 654 937 ι)
669 910 825 938 efficaciter
849 909 906 936 hoc
921 908 1010 943 dicit,

234 960 305 997 quia
323 961 385 988 sine
409 959 503 995 gratia
527 958 626 986 nullus
645 959 744 984 motus
767 958 810 984 est
832 955 1010 983 meritorius,

233 1008 304 1035 ltem
315 1016 330 1032 «
340 1013 432 1042 penes
447 1013 564 1041 opus;1›
581 1002 843 1031 instrumentaliter
858 1001 915 1029 hoc
931 1000 1011 1036 dicit,

235 1053 308 1088 quia
321 1061 397 1088 opus
412 1051 540 1079 exterius
554 1052 597 1078 est
616 1049 701 1086 quasi
724 1056 814 1076 causa
833 1048 1012 1075 instrumen-

234 1099 300 1127 talis
314 1099 405 1135 ipsius
420 1097 526 1126 meriti.

270 1146 343 1173 Nota
367 1143 563 1180 generaliter,
585 1141 668 1178 quod
690 1149 749 1169 non
775 1148 924 1169 meremur
950 1140 1012 1168 sine

237 1191 346 1227 gratia,
362 1199 458 1227 neque
477 1189 667 1226 passionibus
681 1188 711 1215 in
733 1189 878 1223 quantum
899 1186 1012 1222 passio-

236 1245 288 1265 nes
303 1239 388 1271 sunt,
411 1244 508 1272 neque
533 1235 663 1263 motibus
686 1236 816 1268 naturis-3
842 1233 912 1260 dicit
935 1232 1014 1260 enim

236 1283 432 1319 Philosophus
448 1292 455 1310 ι
472 1293 485 1308 (ι
500 1284 606 1310 Natura
621 1288 717 1317 neque
738 1280 810 1307 boni
832 1288 929 1315 neque
944 1279 1014 1306 mali

236 1338 363 1363 sumus‚-
389 1340 402 1356 )>
424 1337 522 1364 neque
545 1327 649 1361 inviti,
673 1326 873 1362 Augustinus:
895 1336 908 1352 α
923 1327 1014 1353 Nemo

236 1376 346 1404 invitus
369 1376 445 1404 bene
463 1375 548 1409 facit,
569 1375 658 1402 etiam
682 1374 705 1401 si
731 1373 845 1400 bonum
869 1374 912 1399 est
933 1371 1016 1407 quod

237 1422 323 1457 fac1t;
340 1433 354 1449 »
369 1430 467 1458 neque
491 1421 586 1449 libero
607 1420 728 1448 arbitrio
748 1419 839 1454 ligato
857 1428 863 1446 :
880 1418 1016 1454 quisquis

238 1469 317 1497 enim
339 1477 400 1496 non
423 1468 512 1496 habet
533 1475 620 1495 usum
643 1466 764 1494 rationis
783 1468 810 1492 et
831 1464 916 1492 liberi
937 1464 1017 1492 arbi-

237 1516 303 1550 trii,
319 1523 380 1543 non
402 1517 545 1548 merctur,
563 1513 610 1541 vel
639 1513 822 1546 demeretur,
847 1511 922 1538 sicut
950 1512 1018 1538 sunt

238 1561 373 1597 infantes,
390 1561 582 1594 dormientes,
596 1559 702 1594 insani,
719 1561 746 1586 ct
760 1558 901 1586 animalia
916 1558 1014 1586 bruta.

466 1654 645 1687 CAPUT
684 1652 791 1686 XIV.

505 1727 541 1751 De
556 1727 607 1758 sine
622 1725 746 1751 actionis.

275 1795 349 1829 Quia
365 1794 499 1822 meritum
515 1794 561 1821 vcl
579 1792 754 1821 demeritum
769 1791 846 1819 circa
870 1792 960 1819 finem
975 1799 1019 1819 ac-

240 1843 354 1870 tionum
376 1840 549 1875 attenditur,
576 1840 644 1867 ideo
670 1841 741 1866 nota
763 1837 881 1873 regulas
901 1837 937 1866 de
964 1838 1019 1865 hac

241 1888 373 1916 materia.

279 1936 319 1962 Ex
332 1934 391 1961 fine
408 1933 515 1961 dicitur
528 1935 608 1960 aetus
624 1932 732 1964 honus,
744 1931 791 1958 vel
806 1931 911 1958 malus.
929 1930 1020 1957 Malus

242 1983 323 2008 actus
335 1988 396 2007 non
408 1980 441 2007 fit
455 1987 489 2008 ex
500 1980 558 2006 fine
575 1978 681 2005 bonus.
699 1979 760 2004 Una
775 1977 897 2004 intentio
912 1976 1020 2003 multos

243 2029 322 2054 actus
335 2026 474 2054 informat
487 2036 493 2053 z
508 2025 588 2053 uude
610 2025 634 2052 si
654 2024 762 2059 aliquis
781 2023 908 2051 intendit
927 2030 1020 2050 unum

245 2073 375 2101 solidum
392 2073 462 2100 dare
480 2080 535 2108 pro
552 2073 609 2098 Deo
621 2092 628 2105 ‚
649 2071 689 2098 ita
709 2070 791 2105 quod
814 2069 947 2105 quotidie
973 2069 1021 2096 det

246 2128 338 2147 unum
354 2119 527 2152 denarium,
543 2118 566 2145 si
583 2117 766 2153 quandoque
781 2115 979 2149 obliviscitur,
995 2118 1023 2143 et

247 2175 307 2194 non
330 2166 417 2193 refert
441 2167 472 2192 in
493 2166 583 2191 Deum
604 2163 754 2191 dationem
778 2163 866 2197 hujus
888 2162 1021 2196 denarii,

249 2215 346 2240 tamen
359 2212 439 2239 datio
453 2214 494 2238 est
508 2210 673 2243 meritoria,
687 2211 806 2244 propter
822 2209 916 2244 ipsam
931 2209 1023 2236 inten-

248 2258 359 2285 tionem
385 2258 521 2293 primam.
553 2257 652 2283 Fiuem
676 2255 731 2281 sub
757 2255 814 2282 line
840 2257 934 2290 potest
958 2255 1024 2290 quis

250 2312 359 2340 ponere
377 2313 383 2331 ι
401 2303 484 2331 verbi
504 2302 616 2337 gratia,
641 2301 747 2336 aliquis
775 2300 898 2327 intendit
922 2301 962 2328 ire
985 2301 1024 2328 ad

250 2350 347 2378 forum
361 2360 368 2384 ;
385 2353 412 2377 et
426 2350 484 2377 hoc
496 2348 639 2380 intendit,
655 2349 687 2374 ut
701 2349 779 2374 emat
800 2347 980 2381 medicinas3
997 2350 1025 2374 et

251 2397 289 2425 ad
303 2397 360 2425 hoc
375 2396 445 2424 emit
466 2404 530 2428 eas,
546 2397 577 2421 ut
598 2395 713 2421 curetur
734 2393 772 2420 ab
796 2393 980 2428 infirmitate3
998 2397 1025 2421 et

250 2444 289 2471 ad
302 2444 359 2472 hoe
373 2442 470 2470 curari
485 2441 653 2474 desiderat,
669 2442 700 2466 ut
715 2439 821 2467 melius
835 2430 1023 2467 Deo'serviut.

251 2492 280 2518 ln
296 2490 350 2517 isto
379 2489 481 2517 ultimo
509 2486 708 2523 praecedentes
733 2485 898 2513 voluntates
922 2495 1025 2514 omnes

249 2539 315 2564 sunt
336 2535 503 2570 meritoriae,
526 2535 646 2570 propter
674 2532 821 2561 ultimum.
855 2533 1023 2560 Secundum

251 2584 330 2611 enim
348 2583 486 2611 ultimum
504 2581 610 2615 finem,
637 2588 739 2608 omnes
760 2580 957 2616 praecedentes
979 2590 1029 2609 vo-

257 2630 381 2659 luntates
405 2629 574 2665 judicantur
602 2627 699 2661 bonae,
718 2626 765 2654 vel
794 2627 889 2655 malae.
920 2628 1028 2656 Diversi

513 230 518 235 ,
560 191 820 226 GOMPENDIUM
840 189 1103 224 THEOLOGIGAE
1123 190 1348 224 VERITATIS.
1371 191 1449 224 LIB.
1469 191 1508 224 V.

1063 259 1138 287 fines
1150 267 1213 287 non
1225 260 1294 287 sunt
1310 258 1456 294 faciendi,
1470 266 1603 296 quorum
1620 266 1698 288 unus
1717 267 1780 289 non
1801 259 1838 287 sit

1063 305 1104 334 ad
1118 305 1211 334 alium
1229 305 1386 334 referibilis
1402 315 1409 332 :
1425 305 1511 333 verbi
1531 305 1645 341 gratia,
1664 305 1773 341 aliquis
1791 303 1838 333 isi-

1062 352 1157 381 tendit
1181 352 1224 380 ire
1249 352 1290 379 ad
1312 351 1477 387 quamdam
1500 351 1645 386 domum,
1659 352 1693 379 ut
1705 351 1838 380 luxurie-

1063 400 1128 434 tur;
1145 398 1185 427 ad
1197 399 1256 427 hoc
1275 398 1340 426 vult
1358 398 1528 432 luxuriari,
1552 400 1585 426 ut
1609 397 1709 426 sanior
1729 397 1785 433 sit;
1800 397 1840 426 ad

1063 445 1122 474 hoc
1135 445 1199 474 vult
1219 453 1283 473 esse
1305 453 1410 480 sanus,
1425 447 1458 473 ut
1480 445 1589 473 serviat
1607 446 1676 473 Deo.
1699 444 1752 472 lste
1772 443 1841 472 finis

1064 491 1185 520 ultimus
1203 491 1287 520 illam
1302 491 1502 526 voluntatem,
1526 499 1594 527 quae
1613 492 1657 519 est
1675 490 1840 524 luxuriari,

1064 545 1127 566 non
1141 537 1304 573 informat3
1327 537 1380 566 sed
1403 537 1502 574 potius
1523 545 1539 565 e
1554 545 1698 566 converso
1719 536 1772 565 illa
1791 544 1842 564 vo-

1064 583 1161 612 luntas
1183 584 1270 612 istam
1294 584 1488 612 intentionem
1512 583 1676 617 deformat,
1691 582 1763 620 quia
1781 590 1842 611 una

1064 630 1187 658 intentio
1211 638 1352 667 perversa
1371 630 1473 666 plures
1496 630 1640 667 depravat
1663 629 1840 658 voluntates.

1100 678 1174 705 Nota
1195 677 1280 713 quod
1295 677 1371 705 actio
1386 676 1550 713 corporalis
1563 678 1660 713 potest
1679 676 1781 704 reterri
1803 675 1843 703 ad

1065 723 1157 752 finem
1171 723 1382 759 temporalem,
1397 723 1565 751 dummodo
1583 725 1687 759 postea
1700 722 1843 750 referatur

1065 769 1105 798 ad
1119 770 1223 798 Deum.
1238 770 1319 797 Actio
1341 771 1443 797 autem
1462 769 1636 805 spiritualis,
1652 771 1685 797 ut
1700 769 1842 805 praedica-

1067 817 1121 851 tio,
1137 824 1198 844 non
1221 817 1318 852 potest
1340 815 1443 843 reterri
1462 815 1502 843 ad
1524 815 1616 843 finem
1630 815 1842 852 temporalem,

1067 863 1156 890 etiam
1179 862 1203 889 si
1227 861 1302 889 illud
1323 861 1486 898 temporale
1513 861 1658 890 referatur
1681 862 1719 890 ad
1741 863 1842 890 Deum.

1068 910 1100 936 Et
1113 909 1171 936 hoc
1186 910 1243 942 est,
1258 908 1342 944 quod
1360 907 1430 936 dicit
1449 908 1628 943 Augustinus
1643 917 1651 936 :
1669 918 1684 934 a
1699 908 1845 936 Debemus

1067 954 1264 989 manducare,
1281 956 1312 982 ut
1334 954 1591 990 evangelizemus3
1613 962 1673 982 non
1693 953 1845 989 evangeli-

1068 1009 1148 1035 zare,
1165 1004 1196 1029 ut
1210 1001 1434 1029 manducemus.
1452 1011 1465 1026 »
1480 1001 1507 1028 Si
1522 1004 1622 1028 autem
1634 1001 1664 1028 in
1679 1000 1845 1028 actionibus

1067 1048 1135 1076 finis
1146 1048 1260 1084 primus
1273 1049 1401 1084 ponatur
1417 1049 1492 1075 Deus
1502 1068 1510 1081 ‚
1523 1049 1551 1074 et
1566 1047 1632 1074 finis
1657 1047 1778 1074 ultimus
1795 1046 1846 1074 ali·

1069 1095 1152 1131 quod
1167 1095 1347 1131 temporale,
1360 1093 1617 1130 perversissimum
1635 1095 1687 1121 est.
1703 1095 1779 1121 Bene
1792 1101 1845 1120 au-

1069 1144 1128 1170 tem
1142 1141 1209 1169 licet
1230 1141 1406 1169 constituere
1427 1140 1504 1168 duos
1526 1140 1619 1175 fines,
1643 1139 1754 1167 scilicet
1777 1142 1847 1167 tem-

1069 1188 1205 1225 poralem
1222 1191 1249 1216 ct
1262 1190 1420 1221 aeternum,
1435 1189 1467 1214 ut
1480 1186 1590 1214 seilicet
1604 1186 1691 1220 illud,
1707 1185 1790 1222 quod
1805 1187 1847 1213 est

1069 1238 1221 1270 aeternum,
1241 1234 1307 1261 iinis
1320 1234 1355 1261 sit
1370 1232 1491 1260 ultimus

1337 1327 1480 1361 CAPUT
1505 1326 1580 1360 XV.

1218 1399 1289 1432 Quid
1308 1406 1455 1426 mereamur
1476 1385 1563 1425 bonis‘
1572 1397 1703 1433 operibus.

1108 1469 1203 1504 Opera
1231 1468 1313 1495 bona
1339 1469 1406 1495 sunt
1430 1467 1580 1495 meritoria
1604 1466 1714 1500 trium,
1739 1465 1849 1494 scilicet

1071 1515 1137 1542 vitoe
1151 1517 1280 1548 aeternae,
1295 1514 1445 1549 augmenti
1461 1513 1578 1549 gratiae,
1590 1512 1772 1541 remissionis
1788 1520 1849 1548 poe-

1071 1569 1126 1589 nse.
1150 1561 1279 1588 Primum
1305 1560 1465 1596 respondet
1489 1559 1581 1588 radici
1603 1559 1720 1595 operis,
1741 1558 1850 1587 scilieet

1073 1608 1219 1636 charitatis
1241 1616 1247 1634 ε
1275 1609 1302 1635 et
1325 1607 1382 1634 hoc
1409 1610 1450 1634 est
1478 1606 1633 1642 praemium
1658 1605 1850 1633 substantiale

1072 1655 1138 1682 vitae
1164 1656 1287 1682 aeternze.
1315 1653 1468 1680 Praemium
1493 1661 1564 1680 vero
1589 1652 1768 1680 accidentale
1791 1660 1850 1680 res-

1072 1701 1185 1736 pondet
1199 1700 1299 1735 generi
1319 1700 1431 1736 operis,
1447 1699 1522 1726 sicut
1537 1701 1564 1727 et
1578 1701 1773 1734 augmentum
1787 1707 1850 1734 gra-

1073 1747 1133 1781 tiae,
1147 1747 1218 1782 quia
1233 1746 1375 1782 operibus
1391 1746 1602 1773 excellentibus
1615 1748 1643 1772 et
1659 1752 1850 1781 supereroga-

1073 1793 1139 1820 tivis
1156 1801 1306 1820 meremur
1318 1792 1413 1828 magis
1428 1794 1621 1827 augmentum
1637 1791 1747 1827 gratiae,
1759 1799 1851 1828 quam

1075 1840 1140 1867 aliis
1156 1839 1305 1875 operibus.

1111 1886 1252 1914 ltemissio
1274 1888 1373 1913 autem
1394 1893 1489 1921 poenae
1508 1884 1669 1921 respondet
1689 1884 1851 1920 poenalitati

1075 1933 1188 1968 operiS,
1204 1932 1275 1968 quia
1294 1939 1400 1967 opera,
1418 1940 1483 1967 quae
1502 1931 1596 1967 magis
1620 1933 1687 1958 sunt
1705 1930 1851 1966 poenalia,

1074 1979 1169 2014 magis
1196 1981 1263 2006 sunt
1286 1978 1437 2006 meritoria
1467 1978 1649 2005 remissionis
1673 1984 1778 2012 poenae.
1805 1978 1852 2004 Est

1075 2026 1154 2053 enim
1177 2025 1281 2060 regula
1306 2025 1335 2051 in
1359 2024 1527 2058 theologia,
1551 2024 1633 2060 quod
1653 2031 1741 2059 poena
1758 2031 1852 2059 poenoe

1076 2075 1119 2100 est
1134 2071 1320 2099 resolutoria.
1338 2072 1410 2098 Nota
1432 2070 1520 2105 igitur
1535 2070 1617 2106 quod
1642 2070 1707 2098 lieet
1731 2072 1790 2097 tota
1808 2069 1852 2096 vis

1076 2118 1210 2146 merendi
1225 2117 1317 2145 vitam
1337 2121 1491 2151 oeternam,
1508 2120 1536 2145 et
1551 2118 1638 2145 etiam
1654 2117 1729 2151 alia,
1746 2116 1854 2144 consis-

1077 2165 1110 2192 tit
1133 2165 1163 2192 in
1191 2164 1328 2191 charitate
1345 2184 1354 2197 ,
1379 2171 1438 2191 non
1474 2166 1572 2190 tamen
1601 2165 1679 2191 totus
1704 2163 1824 2190 effectus
1844 2172 1851 2190 ε

1078 2211 1148 2247 quia
1163 2210 1283 2238 atl'eetus
1299 2209 1431 2236 merendi
1445 2209 1648 2237 consideratur
1661 2209 1748 2237 etiam
1763 2216 1854 2245 penes

1077 2257 1315 2292 magnitudinem
1344 2256 1461 2291 operis,
1486 2256 1559 2283 sicut
1588 2258 1667 2291 patet
1695 2256 1725 2283 in
1750 2255 1854 2282 merito

1077 2302 1257 2331 remissionis
1278 2310 1389 2337 pomae,
1411 2301 1494 2337 quod
1520 2310 1580 2329 non
1604 2301 1702 2329 solum
1726 2300 1855 2328 consistit

1079 2350 1109 2377 in
1125 2349 1278 2382 charitate,
1295 2348 1347 2375 sed
1365 2348 1453 2375 etiam
1468 2348 1498 2374 in
1513 2347 1655 2383 operibus
1666 2347 1852 2383 poenalibus:

1079 2398 1106 2423 et
1129 2395 1218 2430 hujus
1241 2394 1411 2430 exemplum
1435 2394 1580 2421 habemus
1604 2394 1634 2420 in
1656 2393 1788 2426 Christo,
1804 2393 1855 2428 qui

1080 2441 1186 2469 meruit
1206 2440 1294 2468 nobis
1316 2441 1499 2476 apertionem
1520 2441 1618 2475 januae
1638 2439 1767 2475 paradisi
1788 2447 1855 2466 cum

1080 2488 1185 2516 effectu
1200 2497 1207 2514 :
1223 2487 1281 2514 hoc
1296 2489 1394 2514 autem
1413 2487 1551 2514 meritum
1574 2494 1635 2513 non
1659 2488 1720 2513 erat
1743 2485 1772 2513 in
1793 2485 1857 2513 sola

1082 2534 1220 2562 charitate
1231 2554 1238 2565 ,
1251 2533 1304 2560 sed
1319 2533 1348 2560 in
1362 2533 1502 2561 charitate
1519 2534 1549 2560 et
1563 2532 1734 2560 excellentia
1749 2532 1855 2568 operis,

1082 2581 1113 2608 id
1128 2582 1183 2614 est,
1199 2580 1230 2607 in
1244 2587 1298 2607 sua
1311 2579 1458 2615 passione.

1119 2626 1277 2654 Sciendum
1297 2629 1354 2660 est,
1374 2627 1457 2661 quod
1477 2626 1513 2652 dc
1532 2624 1653 2661 proemio
1675 2623 1857 2652 substantiali
