2004 3037
412 257 462 289 DE
484 240 1108 289 GRATiARUM‘SANCTlFIGATIONE
1131 252 1217 285 CAP.
1241 253 1344 286 L-Lv.
1624 257 1682 286 195

76 324 307 354 amaritudinem
320 323 412 354 animi
426 323 521 353 sentit.
539 325 579 352 Ex
600 330 660 359 quo
674 323 754 359 patet
768 321 852 358 quod

76 371 274 400 mansuetudo
295 372 337 400 est
354 370 472 408 purgati
492 369 603 405 animi,
628 371 656 397 et
676 369 774 405 potest
793 367 851 396 dici

77 417 161 455 quod
181 417 378 447 mansuetudo
399 419 441 446 est
462 416 574 453 species
594 415 773 444 fortitudinis
792 423 853 442 me-

79 464 178 494 diante
200 464 348 501 patientia,
371 463 512 493 Differunt
534 464 633 491 tamen
654 461 853 490 mansuetudo

80 513 108 540 et
130 511 292 548 patientia:
316 510 458 547 quoniam
481 509 622 546 patientia
647 510 690 537 est
716 508 747 536 in
772 508 855 536 susti-

80 557 181 587 nentia
195 557 397 586 molestiarum
420 556 635 592 corporalium3
657 554 854 584 mansuetudo

81 612 163 641 vero,
178 604 210 633 in
223 603 394 633 sustinentia
409 602 666 632 contumeliarum.

362 697 505 731 CAPUT
536 697 572 729 L.

295 769 333 796 De
354 770 438 796 tertia
461 769 643 796 Beatitudz'ne.

117 838 221 866 Luctus
236 837 279 865 est
291 836 392 872 lugere
406 845 462 872 pro
477 837 598 873 peccato
609 857 618 871 ‚
635 838 663 864 et
682 836 781 872 ipsum
796 836 860 864 odi-

82 892 114 913 re
125 906 133 919 ,
149 884 189 912 ita
204 883 287 920 quod
305 883 495 918 insurgamus
509 883 549 910 ad
570 883 800 911 destructionem
814 883 858 918 ip-

84 931 153 959 sius.
170 931 280 966 Lugere
293 932 392 958 autem
403 929 440 957 de
455 929 535 957 malo
550 931 582 957 ut
592 929 740 965 fugiamus
751 929 859 965 ipsum,

85 977 116 1006 in
130 979 275 1014 quantum
290 978 394 1005 avertit
406 977 445 1005 ab
459 977 571 1011 amico,
587 977 627 1004 sic
642 977 741 1011 lugere
758 977 801 1004 est
815 984 861 1004 so-

86 1023 143 1052 lius
163 1023 320 1052 charitatis
337 1025 447 1058 Lugerc
467 1031 539 1051 vero
561 1023 598 1050 de
624 1023 760 1058 quolibet
780 1022 861 1050 malo

87 1069 223 1106 speciali,
239 1071 281 1098 est
303 1069 459 1105 cujuslibet
473 1069 586 1097 virtutis
603 1079 610 1097 ;
627 1069 768 1106 quaelibet
783 1069 861 1096 enim

86 1116 179 1144 virtus
192 1116 273 1152 luget
288 1116 325 1144 de
341 1124 395 1144 suo
411 1116 569 1144 contrario.

363 1212 504 1246 CAPUT
533 1213 583 1246 LI.

293 1286 331 1312 De
353 1287 453 1319 quarta
476 1285 658 1311 Beatitudt'ne.

126 1352 241 1381 Esuries
254 1352 370 1388 justitiae
383 1355 425 1380 est
437 1353 597 1380 vehemens
609 1352 790 1380 desiderium
803 1353 865 1387 jus-

90 1399 178 1434 tifiae,
194 1399 255 1427 sive
270 1400 378 1427 summi
392 1399 475 1427 boni.
498 1399 612 1427 Esuries
633 1401 732 1426 autem
750 1399 866 1434 justitiae

92 1446 192 1482 potius
216 1447 258 1473 est
283 1445 456 1480 beatitudo,
482 1454 574 1481 quam
606 1445 715 1472 esuries
740 1445 866 1473 aliarum

93 1491 234 1520 virtutum
250 1491 446 1519 cardinalium
461 1500 468 1519 :
485 1491 556 1527 quia
579 1499 631 1527 per
653 1491 794 1526 justitiam
815 1492 868 1519 im-

92 1538 220 1567 mediate
236 1538 446 1574 conjungimur
467 1539 544 1570 Deo,
570 1537 652 1573 quod
677 1546 738 1565 non
760 1537 792 1565 fit
816 1546 869 1573 per

94 1585 167 1613 alias
185 1585 304 1613 virtutes
324 1585 498 1613 cardinales.
528 1585 641 1612 lustitia
668 1593 754 1618 vero,
778 1586 867 1620 prout

93 1631 142 1660 hic
156 1632 289 1667 sumitur,
305 1631 529 1668 comprehendit
547 1631 658 1666 fidem,
675 1640 776 1667 spem,
803 1631 870 1659 cha-

94 1678 223 1714 ritatem,
239 1686 306 1715 quae
319 1678 490 1706 immediate
505 1679 690 1714 conjungunt
704 1687 759 1706 nos
773 1680 843 1706 Deo.

367 1773 509 1806 CAPUT
532 1773 601 1806 LII.

305 1846 342 1871 De
365 1846 461 1880 quinta
484 1845 663 1872 Beatitudine.

135 1912 332 1942 Misericordia
347 1914 389 1940 est
397 1921 450 1949 per
462 1921 553 1949 quam
568 1922 623 1949 pro
635 1914 757 1942 terrenis
771 1915 873 1942 coeles-

101 1959 141 1987 tia
152 1966 310 1986 meremur.
325 1960 420 1994 Opera
430 1960 640 1987 misericordiae
656 1963 723 1988 sunt
735 1963 876 1996 quatuor·

103 2005 199 2033 decim
215 2013 222 2032 ε
239 2007 349 2040 septem
374 2005 482 2032 scilicet
506 2006 689 2041 corporalia,
713 2009 741 2034 et
763 2010 875 2042 septem

103 2051 276 2088 spiritualia.
293 2051 463 2086 Corporalia
478 2053 545 2078 sunt
559 2052 620 2079 haec
633 2060 639 2079 :
654 2053 782 2080 visitatio
798 2053 877 2081 infir-

103 2106 222 2126 morum
235 2118 243 2131 ,
266 2097 378 2132 potatio
406 2097 565 2125 sitientium
582 2118 591 2131 ,
616 2098 724 2125 cibatio
748 2100 877 2126 esurien-

104 2144 187 2179 tium,
202 2142 367 2178 redemptio
380 2144 574 2179 captivorum,
586 2145 700 2172 vestitio
715 2145 876 2179 nudorum,

106 2190 240 2218 collectio
255 2190 493 2225 peregrinorum,
510 2191 662 2226 sepultura
679 2193 876 2219 mortuorum.

106 2236 202 2264 Prima
217 2245 268 2264 sex
283 2236 320 2264 de
336 2236 395 2264 istis
409 2237 554 2264 habemus
569 2237 600 2264 in
613 2237 773 2272 Evangelio
785 2237 803 2272 ¹,
816 2246 880 2273 sep-

107 2283 212 2310 timum
226 2283 257 2310 in
271 2283 363 2310 Tobia
374 2285 394 2310 ².
412 2284 507 2319 Opera
521 2283 730 2311 misericordiae
744 2285 879 2320 spiritua·

107 2328 147 2356 lia
160 2331 227 2357 sunt
239 2329 316 2357 haec:
335 2329 517 2365 delinquenti
532 2330 695 2365 ignoscere,
709 2333 881 2366 peccantem

110 2375 271 2412 corripere,
287 2376 472 2411 ignorantem
488 2376 611 2410 docere,
626 2377 762 2405 titubanti
780 2386 881 2405 consu-

111 2421 190 2455 lere,
215 2423 353 2449 moestum
374 2422 540 2457 consolari,
563 2431 617 2458 pro
641 2423 734 2451 salute
755 2425 881 2460 proximi

114 2475 208 2502 orare,
224 2468 344 2503 injurias
360 2469 512 2496 sustinere.
527 2471 559 2496 Et
571 2469 629 2496 hoc
644 2470 781 2498 ultimum
795 2479 883 2507 prop-

113 2515 192 2541 terea
206 2514 311 2542 dicitur
324 2523 399 2551 opus
411 2515 631 2551 misericordiae,
649 2517 737 2552 quia³
748 2520 883 2552 responsio

113 2561 202 2587 mollis
214 2562 242 2588 et
254 2560 373 2589 humilis
388 2564 496 2596 frangit
518 2564 597 2597 iram,
615 2564 643 2590 et
657 2563 714 2592 hoc
729 2563 814 2600 pium
831 2567 883 2599 est,

114 2606 222 2635 scillcet
234 2605 365 2635 furorem
379 2608 444 2636 irati
456 2608 600 2644 mitigare.

148 2670 156 2686 ¹
169 2669 272 2699 Manli„
286 2675 346 2700 xxv,
363 2671 392 2694 35
408 2673 435 2696 et
446 2678 499 2702 seq.
511 2685 542 2690 -—-
555 2672 563 2686 ⁷
579 2671 644 2702 Tob„
661 2677 679 2703 Ι,
694 2674 736 2703 21;
753 2679 782 2702 11,
799 2674 821 2703 4,
837 2675 886 2698 etc.

117 2705 169 2724 -Ι
183 2705 266 2734 Pron„
281 2711 322 2735 xv,
340 2708 360 2729 ¹.
373 2719 402 2724 --
414 2707 422 2719 ⁴
436 2707 539 2738 Mattli.y
554 2714 577 2738 v,
596 2709 632 2732 10.

1170 366 1312 400 CAPUT
1337 367 1420 401 [ΛΠ.

1132 439 1169 467 De
1188 441 1266 466 sexta
1283 439 1463 468 Beatitudine.

946 508 1087 538 Munditia
1101 508 1198 536 cordis
1221 510 1282 544 est,
1307 517 1367 545 qua
1381 509 1557 538 clarificatur
1572 519 1632 545 cor,
1658 515 1686 540 et

911 555 1072 583 mundatur
1086 555 1125 583 ad
1139 554 1304 583 videndum
1321 557 1427 590 Deum,
1441 558 1469 584 et
1482 557 1686 587 ardentissime

911 601 1108 637 diligendum.
1121 601 1269 638 Accipitur
1282 604 1379 630 autem
1389 603 1436 631 hic
1447 605 1585 632 munditia
1597 605 1686 632 cordis

911 656 974 676 non
987 656 1044 684 pro
1059 648 1175 682 virtute,
1190 649 1243 676 sed
1257 656 1312 685 pro
1327 650 1403 678 statu
1416 650 1565 686 quodam,
1581 651 1633 687 qui
1645 652 1687 679 est

912 695 1028 731 purgati
1043 695 1144 723 animi.

1174 782 1316 816 CAPUT
1339 783 1425 818 LlV.

1115 859 1152 886 De
1175 861 1287 895 septima
1309 861 1490 890 Beatitudz'ne.

952 932 1009 958 Pax
1025 932 1068 958 est
1088 932 1178 959 status
1192 931 1335 961 virtutum
1349 933 1379 961 in
1395 942 1456 970 quo
1472 937 1514 963 est
1536 936 1691 966 delectatio

917 978 947 1005 in
963 979 1021 1005 Deo
1033 977 1095 1006 sine
1110 979 1343 1007 contradictione
1354 981 1460 1016 carnis,
1472 982 1577 1010 mundi
1591 984 1618 1012 et
1630 983 1693 1012 dia-

918 1024 996 1056 boli,
1014 1024 1060 1052 vel
1076 1025 1099 1051 si
1115 1027 1156 1052 est
1168 1024 1284 1061 aliqua,
1296 1026 1432 1055 inefficax
1448 1030 1499 1055 est.
1516 1030 1598 1057 Unde
1613 1032 1694 1066 patet

917 1071 1000 1107 quod
1015 1079 1074 1107 pax
1089 1073 1132 1099 est
1147 1073 1236 1099 status
1252 1073 1343 1100 animi
1357 1074 1570 1109 purgatissimi.
1591 1077 1693 1105 Pacifi-

918 1117 959 1146 cis
974 1118 1053 1145 enim
1068 1118 1164 1153 magis
1179 1118 1346 1147 attribuitur
1361 1128 1423 1148 esse
1437 1120 1515 1149 filios
1532 1123 1591 1157 Dei,
1603 1132 1694 1159 quam

919 1164 1000 1199 aliiS,
1015 1164 1086 1200 quia
1100 1164 1167 1192 licet
1186 1166 1390 1194 misericordia
1410 1168 1539 1197 maxime
1555 1170 1696 1199 assimilet

919 1211 1072 1238 hominem
1089 1212 1146 1239 Deo
1162 1213 1307 1247 quantum
1317 1213 1356 1240 ad
1366 1221 1457 1249 opera
1472 1216 1636 1251 exteriora,
1654 1219 1696 1245 ta-

920 1266 1007 1292 men,
1033 1260 1178 1294 quantum
1201 1259 1240 1286 ad
1261 1259 1416 1295 interiora,
1435 1261 1530 1297 magis
1555 1263 1698 1291 assimilat

920 1313 989 1340 pax.

1190 1357 1332 1390 CAPUT
1357 1358 1426 1392 LV.

1129 1427 1166 1453 De
1192 1429 1285 1454 octava
1313 1428 1492 1455 Beatitudz'ne.

959 1493 1066 1520 Octava
1080 1492 1233 1520 beatitudo
1249 1495 1305 1528 est,
1327 1494 1364 1522 de
1380 1503 1438 1530 qua
1454 1496 1578 1524 dicitur‘
1594 1507 1600 1525 2
1618 1500 1698 1526 Beati

923 1540 971 1573 qui
981 1541 1188 1572 persecutionem
1196 1542 1345 1574 paciuntur
1353 1544 1464 1576 propter
1473 1543 1623 1579 justitiam,
1632 1548 1697 1579 quia

924 1586 1044 1620 ipsorum
1059 1588 1096 1612 esc
1111 1594 1221 1620 regnum
1236 1588 1368 1615 coelorum.
1386 1589 1449 1616 Haec
1468 1589 1568 1625 virtus,
1592 1591 1701 1620 scillcet

925 1631 1095 1659 sustinentia
1110 1633 1322 1668 persecutionis
1337 1637 1457 1670 propter
1472 1636 1630 1673 justitiam,
1646 1647 1700 1666 an-

924 1685 1002 1705 nexa
1009 1681 1051 1706 est
1061 1679 1135 1714 paci.
1146 1681 1218 1707 Cum
1229 1680 1308 1707 enim
1317 1680 1457 1716 pacificus
1466 1682 1502 1709 sit
1509 1683 1622 1719 absque
1633 1693 1702 1712 con-

926 1726 1099 1754 tradictione
1114 1727 1220 1761 carnis,
1232 1727 1337 1755 mundi
1349 1730 1377 1755 et
1386 1728 1510 1764 diaboli,
1526 1733 1605 1766 patet
1620 1732 1703 1767 quod

926 1773 1007 1801 idem
1020 1776 1140 1810 paratus
1155 1776 1197 1801 est
1214 1783 1352 1810 superare
1367 1779 1493 1804 mortem
1505 1799 1512 1810 ‚
1528 1780 1556 1805 et
1570 1780 1704 1807 tentatio-

926 1828 997 1848 nem
1011 1821 1124 1848 mortis.
1141 1821 1221 1848 Unde
1245 1821 1416 1850 sustinentia
1436 1824 1539 1852 mortis
1554 1834 1608 1861 pro
1624 1826 1704 1854 Chri-

928 1869 989 1900 sto,
1012 1866 1043 1894 in
1067 1867 1174 1894 eodem
1193 1867 1288 1902 gradu
1309 1871 1351 1895 est
1375 1877 1443 1897 cum
1461 1878 1534 1906 pace
1555 1881 1560 1899 :
1583 1874 1706 1909 propter

927 1913 985 1941 hoc
1000 1914 1129 1941 diximus
1145 1914 1229 1950 quod
1244 1916 1310 1942 octo
1322 1918 1389 1943 sunt
1403 1916 1600 1946 beatitudines
1615 1927 1706 1955 quan-

929 1962 990 1987 tum
1007 1961 1046 1987 ad
1061 1960 1226 1995 essentiam,
1242 1961 1294 1988 sed
1310 1964 1422 1989 tantum
1435 1967 1545 1999 septem
1561 1967 1706 2000 quantum

932 2006 971 2033 ad
987 2006 1203 2034 distinctionem
1228 2008 1386 2042 graduum.
1404 2010 1436 2036 Et
1454 2010 1608 2038 sciendum
1624 2012 1707 2047 quod

933 2061 1022 2088 supra
1037 2061 1142 2088 pacem
1156 2061 1218 2080 non
1232 2056 1273 2080 est
1285 2054 1377 2081 virtus
1391 2055 1463 2089 alia;
1478 2055 1547 2083 dicit
1562 2057 1642 2084 enim
1654 2061 1708 2086 Au-

932 2091 1063 2133 gustinus
1081 2108 1087 2126 :
1107 2109 1119 2124 α
1132 2101 1190 2126 Pax
1212 2101 1254 2126 est
1276 2099 1342 2126 finis
1359 2102 1386 2127 et
1408 2104 1625 2131 consummatio
1645 2112 1707 2131 om-

932 2145 1015 2172 nium
1035 2145 1184 2172 virtutum.
1202 2156 1215 2171 n
1239 2147 1346 2173 Octava
1369 2147 1522 2175 beatitudo
1539 2149 1644 2177 dicitur
1663 2159 1708 2178 re—

934 2191 996 2218 dire
1009 2191 1048 2218 ad
1061 2193 1148 2227 caput
1158 2191 1276 2219 duobus
1288 2192 1384 2220 modis
1397 2203 1402 2220 ε
1417 2195 1514 2229 primo
1524 2217 1533 2229 ,
1543 2196 1613 2231 quia
1627 2197 1707 2224 idem

933 2237 1088 2273 praemium
1108 2238 1163 2265 sihi
1179 2239 1368 2274 promittitur,
1393 2241 1475 2276 quod
1494 2242 1597 2278 primae
1615 2243 1707 2271 beati-

934 2284 1157 2318 tudini,scilicet
1171 2293 1296 2319 regnum
1308 2286 1468 2322 coelorum;
1482 2289 1624 2323 secundo,
1640 2290 1710 2325 quia

936 2339 1040 2358 omnes
1050 2331 1157 2366 probat
1169 2339 1186 2358 a
1197 2332 1292 2367 prima
1302 2341 1397 2369 usq-ue
1409 2334 1447 2361 ad
1461 2335 1595 2363 ultimam
1611 2338 1709 2364 utrum

935 2385 1009 2405 verae
1024 2377 1097 2411 sint,
1120 2378 1194 2405 sicut
1214 2379 1253 2406 ait
1273 2380 1451 2415 Gregorius:
1471 2382 1600 2415 «Qualis
1622 2391 1711 2410 unus-

936 2425 1062 2460 quisque
1078 2425 1158 2460 apud
1173 2433 1203 2452 se
1218 2425 1320 2459 lateat,
1341 2426 1421 2454 illata
1443 2429 1622 2456 contumelia
1642 2437 1709 2465 pro-

936 2471 997 2498 hat.
1013 2481 1026 2497 ν)
1044 2473 1085 2498 Ex
1097 2471 1243 2506 praedictis
1258 2472 1407 2507 colligitur
1422 2474 1505 2509 quod
1520 2475 1637 2502 habitus
1653 2476 1711 2502 vir-

938 2520 1033 2545 tutum
1048 2518 1243 2546 cardinalium
1264 2519 1468 2555 principaliter
1492 2521 1653 2556 disponunt
1674 2522 1713 2548 ad

939 2564 1110 2591 exercitium
1125 2565 1241 2599 activae3
1258 2565 1375 2593 habitus
1393 2574 1464 2594 vero
1486 2567 1634 2595 donorum
1654 2567 1713 2595 dis—

939 2612 1055 2646 ponunt
1069 2611 1108 2638 ad
1122 2612 1204 2638 actus
1216 2612 1467 2648 contemplativae;
1484 2614 1601 2641 habitus
1615 2615 1714 2642 autem

940 2657 1157 2685 beatitudinum
1174 2658 1337 2693 disponunt
1351 2659 1389 2686 ad
1409 2659 1620 2695 perfectionem
1643 2660 1714 2687 utri-

942 2712 1047 2739 usque.
