2004 3037
173 223 233 255 306

173 287 316 326 deponit;
331 287 438 324 quarto
455 284 643 323 disciplinam
663 282 788 320 accipit:
807 283 850 311 sie
863 282 952 311 timor

173 335 290 366 Domini
303 334 372 364 tacit
379 333 478 372 primo
488 333 642 362 hominem
651 331 844 369 poenitentem
857 330 953 359 humi-

171 382 239 412 liter
253 381 466 418 genuflectere,
482 380 554 417 quia
567 379 676 408 dicitur
689 378 722 407 in
736 378 810 408 lsaia
825 381 835 398 ¹
849 387 858 406 z
881 377 954 406 Mihi

173 430 330 459 curvabitur
352 437 429 457 omne
449 435 529 464 yenu.
553 426 689 455 Secundo
711 425 780 455 facit
800 424 954 453 humiliter

173 477 296 513 culpam
316 475 472 513 propriam
498 481 733 510 recognoscere,
763 472 839 500 sicut
860 469 954 500 David

174 523 226 562 qui
250 523 368 552 dicebat
381 523 392 540 ²
410 531 417 550 :
443 522 577 556 Quoniam
600 522 778 556 iniquitatem
799 526 886 546 meam
906 525 953 552 eqo

173 579 309 608 coqnosco.
331 569 426 599 Tertio
446 569 515 598 facit
537 567 691 597 hominem
711 567 857 600 veterem,
880 564 955 592 sicut

172 620 286 647 vestem
299 620 428 655 turpem,
437 615 577 653 spoliare,
589 615 663 643 sieut
677 613 835 651 Apostolus
845 611 915 640 dicit
927 611 952 639 ³:

173 667 352 703 Empoliantes
364 673 415 694 vos.
423 666 536 693 veterem
551 664 683 691 hominem
697 669 757 690 cum
771 660 874 688 actibus
886 659 954 693 sais,

173 715 305 742 veterem
323 711 579 741 conversationem
604 717 672 738 cum
694 707 774 736 vitiis
794 708 824 735 et
846 713 954 734 concu-

173 759 335 798 piscentiis.
361 760 471 794 Quarto
493 757 563 786 facit
584 755 740 785 hominem
766 753 956 790 disciplinam

175 807 322 845 accipere,
342 807 374 835 id
392 808 446 842 est,
462 812 583 834 carnem
599 803 743 832 lascivam
757 808 908 830 macerare
928 802 956 828 et

176 855 336 892 castigare,
357 854 432 883 sicut
454 852 613 891 Apostolus
639 851 776 886 faciebat,
798 850 851 886 qui
875 848 956 877 dioe-

174 901 252 932 bat*
275 911 284 930 τ
315 902 425 938 Castico
449 908 544 938 corpus
563 907 669 932 meum,
699 899 774 926 etin
800 897 957 925 servitutem

175 949 282 986 redigo.

211 998 284 1026 Item
298 995 389 1026 timor
401 993 519 1024 Domini
533 994 576 1022 est
590 992 742 1030 speciosus
755 990 829 1019 sicut
842 989 957 1023 hortus,

176 1044 325 1074 virtuosus
343 1043 419 1072 sicut
438 1043 556 1076 ventus,
578 1041 606 1069 et
627 1039 774 1076 pretiosus
794 1037 870 1065 sicut
896 1035 958 1064 the-

177 1099 292 1121 sauruS.
305 1090 403 1119 Primo
416 1089 505 1118 timor
514 1087 630 1116 Domini
645 1088 688 1115 est
700 1085 790 1114 valde
800 1083 959 1120 pretiosuS,

176 1138 269 1168 instar
282 1137 360 1166 horti
379 1135 511 1174 paradisi
528 1144 535 1163 :
557 1134 649 1163 habet
664 1133 744 1162 enim
758 1130 959 1160 amoenitatem

178 1186 253 1215 sicut
266 1184 443 1223 paradisus,
460 1181 651 1211 dulcedinem
670 1182 699 1209 et
720 1178 958 1208 delectationem.

177 1232 260 1262 Unde
274 1233 306 1261 in
326 1231 441 1260 Psalmo
456 1231 467 1246 ⁶
484 1239 491 1258 :
514 1230 602 1264 Quam
619 1235 719 1263 maana
733 1225 881 1254 multitudo
897 1223 960 1251 dul-

179 1280 282 1309 cedinis
298 1281 363 1310 tuae,
381 1279 512 1312 Domine,
527 1283 607 1312 quam
624 1273 788 1303 abscondisti
801 1271 960 1299 timentibus

180 1329 223 1354 te!
238 1325 331 1354 Habet
348 1324 526 1354 fertilitatem
546 1324 574 1351 et
594 1322 760 1350 ubertatem
781 1319 856 1347 sicut
875 1324 961 1354 para-

181 1372 282 1408 disus,
306 1372 381 1400 sicut
406 1370 478 1400 dicit
501 1369 582 1399 idem
608 1365 784 1397 Psalmista⁶
803 1375 810 1394 z
836 1366 898 1394 Non
922 1366 960 1392 est

179 1421 277 1456 inopia
296 1419 454 1447 timentibus
469 1425 539 1446 eum.
557 1415 649 1445 Habet
669 1413 865 1443 nihilominus
880 1419 962 1439 secu-

179 1467 296 1496 ritatem
310 1465 384 1494 sicut
396 1463 573 1502 paradisus;
589 1462 670 1491 unde
695 1461 802 1489 dicitur
825 1459 856 1487 in
874 1458 962 1486 Eccle-

180 1515 291 1542 siastico
306 1513 316 1530 '¹
336 1521 344 1540 :
363 1513 417 1547 Qui
440 1512 517 1539 timet
539 1512 634 1541 Deam,
657 1509 728 1536 nihil
749 1506 909 1542 trepidabit.
932 1506 964 1532 Et

180 1559 378 1597 Philosophus
391 1568 398 1586 ε
417 1568 431 1585 α
446 1558 501 1593 Qui
516 1557 598 1585 timet
617 1557 709 1584 Deum
720 1576 728 1589 ,
745 1553 846 1582 omnia
860 1552 964 1580 timent

182 1616 267 1644 eum3
283 1607 419 1644 quivero
431 1612 493 1633 non
508 1604 590 1632 timet
605 1605 708 1637 Deum,
724 1601 805 1629 timet
822 1598 961 1628 omnia.»

181 1655 264 1684 Unde
279 1654 360 1688 Cain,
374 1654 544 1690 perpetrato
560 1649 722 1680 homicidio
743 1648 851 1682 fratris,
867 1645 964 1674 statim

183 1702 289 1732 habuit
311 1703 400 1738 caput
424 1699 603 1731 tremulum,
624 1699 652 1725 et
675 1697 716 1725 ait
734 1694 744 1711 ⁸
763 1705 769 1723 :
798 1695 892 1723 Omnis
918 1694 965 1728 qui

183 1749 286 1778 viderit
301 1757 352 1784 me,
369 1747 469 1775 occidet
483 1754 534 1778 mc,
550 1747 582 1773 ut
592 1744 698 1772 dicitur
713 1743 743 1770 in
760 1742 864 1769 Genesi.
877 1741 966 1775 igitur

184 1797 274 1827 timor
288 1795 404 1824 Domini
419 1795 540 1831 propter
557 1792 772 1823 animnitatem,
797 1790 966 1818 ubertatem

186 1846 215 1873 et
225 1842 423 1876 securitatem,
439 1844 483 1869 est
497 1841 571 1868 sicut
585 1840 678 1867 hortus
688 1838 833 1867 conclusus,
849 1838 881 1863 ut
896 1834 967 1862 diei-

187 1893 236 1920 tur
258 1890 289 1918 in
311 1890 430 1918 Canticis
448 1888 468 1915 ⁹.
487 1889 534 1916 Est
551 1886 639 1915 etiam
661 1887 732 1913 sicut
755 1883 920 1920 paradisus,
936 1883 969 1908 ut

190 1937 298 1966 dicitur
325 1937 356 1965 in
379 1936 564 1964 Ecclesiastico
587 1933 608 1951 ¹⁰
622 1942 631 1960 :
648 1934 740 1961 Timor
764 1931 874 1959 Domini
897 1930 968 1957 sicut

185 1985 334 2022 paradisus
349 1982 552 2011 benedictionis.

225 2030 362 2061 secundo
400 2029 490 2057 timor
525 2027 639 2056 Domini
680 2027 722 2054 est
757 2025 831 2053 sicut
864 2025 970 2052 ventus

191 2079 359 2111 virtuosus,
385 2079 412 2105 et
442 2075 608 2112 specialiter
632 2073 706 2101 sicut
725 2073 830 2100 ventus
854 2070 970 2107 aquilo-

191 2126 282 2154 naris.
313 2126 385 2154 Nam
413 2123 487 2151 sicut
513 2123 618 2150 ventus
647 2119 832 2156 aquilonaris
854 2117 972 2154 pluvias

193 2172 331 2208 dissipat,
360 2170 455 2198 nubes
491 2168 592 2204 sugat,
619 2175 717 2195 aerem
743 2166 880 2198 serenat,
908 2172 973 2200 rep-

193 2219 255 2247 tilia
290 2217 485 2251 exterminat,
526 2217 553 2243 et
597 2221 707 2250 aquam
745 2211 900 2247 congelat;
935 2211 974 2238 ita

193 2265 282 2293 timor
328 2263 444 2292 Domini
483 2261 605 2297 dissipat
652 2260 769 2296 pluvias
811 2258 973 2286 carnalium

194 2311 443 2343 delectationum,
472 2309 555 2343 sugat
583 2307 678 2335 nubes
706 2305 870 2334 carnalium
901 2304 973 2332 ima-

195 2358 391 2394 ginationum,
414 2358 527 2383 serenat
550 2355 679 2381 mentem
694 2361 746 2388 per
773 2359 905 2380 amorem
921 2358 975 2386 pu-

193 2404 303 2440 ritatis;
332 2402 506 2431 exterminat
531 2400 661 2436 reptilia,
690 2399 721 2426 id
750 2401 792 2426 est
819 2398 976 2425 mortificat

195 2452 266 2480 vitia
285 2450 394 2484 carnis;
411 2448 548 2483 congelat
570 2454 679 2482 aquas,
701 2445 731 2473 id
751 2448 807 2479 est,
828 2444 977 2479 restringit

195 2499 310 2528 fluxum
329 2496 489 2526 mundana:
511 2492 730 2531 prosperitatis,
763 2492 802 2520 ita
824 2494 856 2520 ut
885 2491 978 2527 possit

230 2586 235 2599 ¹
252 2584 312 2615 Iso„
327 2589 386 2612 ην,
404 2583 485 2607 24.-
497 2581 505 2595 ²
520 2579 628 2609 Psal.1„
641 2580 663 2602 5.
677 2591 708 2595 -
720 2578 730 2594 ³
743 2577 848 2607 coloss„
865 2582 905 2603 111,
921 2577 976 2599 9.-

197 2622 205 2637 *
223 2620 366 2650 lCor.,1x,
382 2620 420 2644 2‘1.
435 2631 465 2636 -
481 2618 490 2634 ⁵
504 2616 572 2641 Psal.
590 2623 658 2645 xxx,
676 2617 715 2640 20.
731 2627 761 2632 —
774 2615 784 2630 Β
799 2613 868 2638 Psal.
884 2617 976 2640 xxxiii,

199 2659 237 2682 10.
249 2670 281 2675 -—
291 2658 301 2674 '¹
317 2655 405 2685 ticeli„
417 2660 506 2684 xxle,
524 2653 560 2677 16.
573 2665 603 2670 —-
614 2653 622 2665 ¹³
635 2652 706 2681 Gen„
724 2657 757 2681 iv,
776 2651 812 2675 14.
828 2663 858 2667 -
871 2650 880 2663 ‘³
894 2650 977 2675 Cant,

200 2699 236 2723 lv,
253 2695 291 2717 12,
306 2704 337 2711 —
352 2693 373 2709 ¹⁰
387 2690 476 2722 Ecclt„
491 2695 534 2720 XL,
552 2689 589 2712 Π.
606 2701 637 2706 -
661 2688 678 2704 ¹¹
697 2686 798 2715 Malta,
820 2691 875 2714 xxv,
891 2685 930 2708 29.
949 2696 979 2701 —-

724 214 870 249 DIAETAE
891 213 1059 247 SALUTIS
1077 213 1155 248 TIT.
1177 214 1231 248 vl.

1008 282 1102 312 homo
1129 283 1238 311 timens
1266 283 1358 312 Deum
1375 281 1532 311 ambulare
1555 287 1645 319 super
1663 289 1786 320 aquam,

1009 329 1085 359 sicut
1103 331 1215 365 Petrus,
1232 329 1270 358 de
1291 337 1352 367 quo
1369 328 1478 366 legitur
1494 327 1526 357 in
1539 328 1669 357 Matthoeo
1681 328 1712 358 ¹¹.
1732 330 1786 358 lste

1009 378 1053 405 est
1068 378 1174 405 ventus
1193 376 1230 405 de
1250 385 1311 414 quo
1331 376 1438 404 dicitur
1452 375 1484 404 in
1494 375 1606 404 Daniele
1614 373 1652 403 ¹²:
1665 376 1787 411 Angelus

1009 424 1121 452 Domini
1147 425 1215 458 tecit
1249 423 1369 452 medium
1399 423 1517 457 fornacis
1529 444 1540 458 ,
1571 424 1652 460 quasi
1680 425 1788 452 ventum

1009 472 1080 498 roris
1101 471 1212 505 flantem
1227 480 1236 498 ε
1260 469 1332 507 quia
1349 469 1455 498 fornax
1473 469 1610 498 omnium
1628 469 1790 498 desiderio·

1009 525 1078 546 rum
1096 517 1262 546 carnalium
1283 519 1464 554 temperatur
1482 518 1512 546 et
1527 516 1717 554 refrigeratur
1736 524 1790 553 per

1011 564 1061 593 Dei
1075 565 1223 593 timorem.

1045 612 1141 640 Tertio
1165 612 1254 641 timor
1269 612 1385 641 Domini
1406 613 1448 641 est
1467 611 1615 649 pretiosus
1636 611 1712 639 sicut
1729 610 1792 640 the·

1011 666 1126 687 saurus.
1141 660 1213 687 Nam
1228 659 1303 688 sicut
1316 659 1485 694 thesaurus,
1501 658 1554 696 qui
1568 659 1611 687 est
1623 666 1670 687 res
1682 657 1792 695 pretio-

1011 714 1062 741 sa,
1081 706 1149 734 facit
1165 705 1320 734 hominem
1334 714 1451 743 semper
1469 705 1631 734 sollicitum
1645 704 1683 733 de
1698 706 1794 733 custo-

1012 752 1063 780 dia
1073 762 1081 787 ;
1101 753 1144 780 sic
1162 752 1252 781 timor
1273 752 1324 781 Dei
1339 751 1378 780 de
1400 761 1431 780 se
1450 754 1479 780 et
1500 751 1660 780 virtutihus
1676 759 1794 789 semper

1012 800 1056 827 est
1070 798 1224 835 sollicitus,
1240 801 1269 828 et
1291 798 1328 827 de
1344 799 1393 827 Dei
1409 798 1503 834 gratia
1521 807 1590 827 cum
1603 798 1740 834 habetur,
1755 798 1793 827 de

1012 845 1129 882 perdita
1147 848 1179 874 ut
1193 848 1402 882 recuperetur,
1419 846 1448 874 et
1471 836 1509 873 de'
1526 847 1700 882 recuperata
1722 846 1756 873 ut
1776 852 1795 874 a

1013 893 1146 922 recidivo
1174 894 1376 921 conservetur.
1406 891 1489 921 Unde
1516 891 1586 920 dicit
1610 891 1794 928 Bernardus,

1014 948 1104 977 super
1122 941 1237 969 Cantica
1257 941 1276 957 ¹³
1291 950 1300 967 .·
1324 950 1338 966 (ι
1359 940 1434 968 Cum
1453 939 1538 967 adest
1549 938 1652 974 gratia,
1671 938 1743 967 time
1757 945 1795 967 ne

1014 987 1137 1023 indigne
1157 987 1289 1024 opereris
1303 996 1340 1016 ex
1355 995 1399 1015 ea.
1416 986 1550 1023 Amplius
1562 986 1632 1014 time
1646 985 1796 1015 subtracta

1015 1035 1119 1070 gratia,
1135 1034 1219 1071 quod
1230 1035 1379 1072 relinquat
1391 1036 1419 1063 te
1435 1033 1570 1062 custodia
1580 1035 1641 1062 tua.
1657 1032 1686 1061 Si
1698 1031 1795 1061 redie-

1014 1081 1053 1110 rit
1071 1082 1181 1118 gratia,
1199 1081 1294 1110 multo
1316 1081 1446 1118 amplius
1460 1080 1640 1114 timendum,
1661 1088 1698 1108 ne
1721 1079 1796 1108 sorte

1016 1129 1166 1165 contingat
1195 1129 1256 1166 pati
1287 1128 1462 1157 recidivum.
1480 1139 1493 1153 η
1516 1126 1689 1155 Recidivare
1716 1125 1795 1154 enim

1016 1184 1108 1212 quam
1119 1176 1226 1204 cadere
1234 1176 1319 1212 peius
1333 1177 1387 1209 est,
1399 1175 1470 1211 quia
1480 1174 1586 1202 dicitur
1597 1173 1628 1202 in
1638 1174 1740 1201 Ioanne
1754 1171 1774 1189 ¹⁸
1786 1181 1794 1201 :

1015 1224 1080 1252 Ecce
1088 1225 1149 1258 jam
1163 1231 1245 1251 sanus
1259 1224 1351 1257 sactus
1365 1230 1407 1257 es,
1422 1223 1480 1250 noli
1494 1221 1613 1256 amplius
1625 1228 1750 1257 peccare,
1763 1227 1798 1249 ne

1016 1270 1134 1299 deterius
1157 1269 1267 1305 aliquid
1294 1270 1347 1297 tibi
1373 1270 1524 1304 continqat.
1547 1270 1600 1297 iste
1624 1267 1714 1304 igitur
1735 1266 1798 1295 the-

1016 1325 1122 1346 saurus
1148 1318 1191 1345 est
1216 1316 1382 1353 pretiosus,
1407 1317 1436 1344 et
1459 1315 1528 1344 ideo
1557 1322 1672 1343 summe
1700 1315 1798 1342 custo-

1018 1363 1155 1392 diendus.
1170 1363 1252 1392 L'nde
1267 1363 1374 1393 dicitur
1388 1363 1419 1391 in
1436 1361 1511 1391 Isaia
1526 1362 1546 1378 ¹⁵
1561 1370 1568 1389 :
1587 1362 1678 1390 Timor
1689 1361 1799 1389 Domini

1018 1412 1076 1446 ipse
1091 1411 1232 1439 thesaurus
1244 1410 1310 1446 ejus.

1054 1458 1190 1486 Secundo
1214 1457 1303 1486 timor
1325 1456 1441 1486 Domini
1464 1455 1630 1485 virtualiter
1648 1455 1797 1492 operatur.
1831 1457 1918 1483 sepiem

1019 1504 1100 1533 Unde
1124 1506 1195 1533 nota
1218 1504 1301 1541 quod
1323 1504 1412 1533 timor
1436 1503 1552 1532 Domini
1573 1502 1662 1531 habct
1685 1503 1798 1539 septem
1821 1485 1910 1539 2222:

1019 1551 1136 1580 nobiles
1155 1552 1285 1580 effectus.
1305 1551 1402 1579 Primo
1421 1558 1553 1587 namque
1571 1549 1660 1578 timor
1682 1547 1798 1577 Domini
1813 1548 1910 1570 nomini.

1020 1601 1103 1627 curat
1120 1598 1273 1627 hominem
1291 1607 1309 1627 a
1330 1598 1419 1635 culpa
1441 1599 1609 1634 perpetrata
1626 1606 1633 1625 :
1656 1598 1699 1624 est
1718 1594 1799 1623 enim

1019 1646 1168 1674 sufficiens
1190 1645 1339 1674 medicina
1367 1647 1470 1674 contra
1491 1645 1623 1681 peccata.
1653 1644 1686 1671 Et
1709 1643 1798 1676 nota,

1021 1693 1105 1729 quod
1132 1693 1206 1721 sicut
1235 1692 1369 1720 medicus
1397 1691 1515 1728 sapiens
1539 1690 1644 1719 volens
1671 1695 1799 1726 purgare

1021 1742 1181 1775 oegrotum,
1200 1739 1298 1775 primo
1323 1739 1375 1767 dat
1396 1738 1531 1774 sirupum
1552 1736 1800 1773 prmparativum,

1021 1788 1125 1821 postca
1147 1785 1316 1821 potionem,
1338 1785 1386 1812 vel
1404 1784 1570 1812 antidotum
1591 1782 1799 1819 purgativum

1022 1835 1064 1862 sic
1078 1835 1166 1861 timor
1181 1833 1307 1867 Domini,
1319 1833 1410 1860 instar
1422 1831 1526 1868 sirupi,
1539 1832 1685 1867 praeparat
1698 1837 1802 1866 pecca-

1022 1883 1117 1909 torem
1133 1880 1303 1915 generando
1318 1879 1513 1913 attritionem,
1522 1878 1607 1913 juxta
1620 1876 1697 1905 illud
1711 1877 1802 1904 Eccle-

1023 1929 1132 1956 siasticz'
1149 1928 1191 1954 ¹⁰:
1210 1929 1263 1960 Qui
1279 1929 1374 1954 tinient
1396 1927 1487 1957 Deum,
1508 1925 1702 1960 praeparabunt
1723 1923 1805 1951 corda
1843 1941 1847 1944 -

1024 1983 1084 2003 sua.
1109 1973 1256 2008 Secundo,
1285 1974 1377 2001 instar
1404 1972 1540 2007 antidoti,
1568 1973 1676 2008 purgat
1700 1976 1805 1998 omnes

1024 2022 1135 2057 peccati
1160 2021 1259 2055 strecs,
1277 2019 1448 2055 generando
1469 2018 1632 2055 perfectam
1655 2016 1804 2046 contritio-

1025 2077 1114 2104 nem,
1139 2068 1210 2104 quia
1238 2067 1344 2095 dicitur
1371 2067 1402 2094 in
1429 2067 1617 2093 Ecclesiastico
1639 2065 1659 2081 ¹⁷
1675 2073 1685 2092 .·
1715 2065 1804 2091 Timor

1027 2117 1138 2143 Domini
1151 2115 1262 2150 coepcllit
1275 2117 1422 2150 peccatum.
1440 2114 1472 2140 Et
1490 2113 1532 2140 est
1550 2110 1715 2139 differentia
1729 2111 1804 2137 inter

1028 2163 1250 2196 contritionem,
1269 2164 1295 2189 et
1319 2160 1496 2188 attritionem
1513 2167 1519 2185 :
1547 2158 1617 2194 quia
1638 2156 1744 2185 attritio
1762 2159 1805 2184 est

1028 2209 1115 2237 dolor
1137 2209 1174 2236 de
1195 2211 1334 2244 peccato,
1349 2215 1411 2234 non
1435 2208 1533 2233 tamen
1553 2204 1709 2240 perfectus,
1733 2203 1805 2239 quia

1029 2256 1126 2284 adhuc
1139 2258 1180 2283 est
1195 2255 1225 2282 in
1240 2253 1392 2290 proposito
1408 2252 1551 2288 peccandi
1563 2251 1599 2279 de
1614 2250 1723 2278 futuro.

1064 2301 1200 2330 Secundo
1216 2301 1303 2328 timor
1319 2300 1367 2327 1)ci
1383 2299 1509 2327 custodit
1523 2298 1676 2326 hominem
1691 2305 1707 2324 a
1718 2296 1806 2332 culpa

1028 2349 1136 2377 sutura.
1163 2348 1240 2375 Sicut
1263 2347 1342 2375 enim
1370 2346 1487 2382 sapiens
1513 2345 1646 2372 medicus
1669 2343 1805 2377 infirmo,

1030 2404 1120 2431 quem
1136 2394 1226 2422 habet
1243 2394 1271 2421 in
1288 2402 1372 2427 cura,
1388 2401 1448 2420 non
1463 2392 1562 2420 solum
1578 2391 1627 2418 dat
1641 2389 1807 2417 antidotum

1031 2442 1070 2470 ad
1085 2441 1297 2477 expellendum
1312 2440 1469 2474 morbum,
1486 2438 1537 2466 sed
1555 2437 1643 2465 etiam
1663 2436 1807 2464 ministrat

1032 2490 1133 2516 curato
1149 2488 1271 2523 aliquod
1289 2487 1479 2515 electuarium
1496 2487 1597 2512 contra
1620 2483 1784 2511 recidivum
1799 2491 1805 2509 ε

1032 2536 1072 2564 sic
1100 2536 1188 2564 timor
1212 2535 1277 2567 Dei,
1304 2535 1395 2562 instar
1417 2531 1567 2562 electuarii
1591 2529 1805 2564 conservativi,

1035 2611 1052 2627 ¹²
1065 2610 1140 2640 Dan„
1157 2615 1196 2638 111,
1215 2611 1253 2633 50.
1268 2622 1294 2627 -
1314 2609 1332 2625 ¹³
1348 2609 1435 2638 Rern„
1450 2608 1476 2630 in
1492 2606 1575 2636 Cant„
1590 2612 1667 2629 serm.
1683 2609 1735 2632 mv,
1751 2603 1808 2634 post

1034 2647 1102 2671 nied.
1112 2659 1141 2664 —
1155 2646 1174 2661 ’ὅ
1186 2646 1266 2673 down,
1278 2651 1302 2675 ν,
1318 2646 1392 2668 Η.-
1406 2644 1424 2660 ¹⁵
1436 2643 1494 2671 1sa.,
1507 2648 1601 2672 xxxin,
1613 2642 1636 2666 ῦ.
1646 2653 1677 2660 -
1688 2639 1709 2655 ⁴⁵
1717 2638 1806 2667 Ecoli..

1035 2688 1064 2713 11,
1079 2684 1119 2708 20.
1134 2694 1164 2700 —
1180 2681 1198 2697 ¹7
1216 2681 1292 2711 ibid„
1309 2687 1326 2711 1,
1341 2681 1379 2704 27.
