2004 3037
235 259 276 290 80
575 248 836 284 COMPENDIUM
855 247 1117 282 THEOLOGICAE
1137 247 1363 281 VERlTATis.
1386 248 1463 280 LlB.
1484 248 1509 280 1.

235 324 327 359 tudo,
347 319 523 355 invisibilis,
543 317 757 348 inaccessibilis
777 317 810 346 in
831 325 881 354 se,
899 317 930 345 in
953 317 1015 345 suis

235 368 422 410 spectabilis,
437 369 466 396 et
479 366 561 396 solus
579 364 736 395 mirabilis,
750 374 765 391 n

219 423 222 425 ’
270 416 366 448 Multis
377 415 479 444 modis
496 413 635 443 asseritur
657 411 775 449 aliquid
797 411 837 440 de
851 412 910 440 Deo
929 420 936 439 :
955 410 1016 447 pri-

235 473 286 495 mo
309 487 318 501 ‚
347 472 400 502 per
426 461 595 492 naturalem
617 459 762 489 rationem
777 480 787 494 ‚
811 467 880 496 quae
903 458 1014 493 dictat,

235 511 320 550 quod
332 519 411 540 unus
423 511 498 538 Deus
511 510 555 537 est
567 509 772 537 remunerator
793 505 946 534 bonorum
956 527 966 541 ‚
987 508 1015 544 et

234 559 356 597 punitor
375 557 544 592 malorum3
569 554 719 589 secundo,
745 561 800 590 per
822 552 928 588 fidem,
954 560 1016 589 qua

236 606 365 635 dicimus
380 607 472 633 Deum
490 611 585 632 unum
599 610 662 630 esse
676 601 708 630 in
723 600 889 629 substantia
899 621 909 634 ‚
921 602 949 628 et
963 599 1014 627 tri-

236 662 310 683 num
330 653 361 682 in
381 651 516 689 personis
527 660 535 686 ;
552 648 636 678 tertio
649 669 658 684 ‚
674 656 729 685 per
749 655 864 676 sacram
887 646 1016 682 Scriptu-

236 708 319 737 rum3
338 700 445 736 quarto
456 719 464 734 ‚
476 705 530 735 per
547 695 678 725 rationes
695 694 883 732 probabiles3
899 693 1015 730 quinto,

237 755 291 786 per
306 746 464 776 exteriores
476 743 713 781 proedicationes.
725 741 782 770 Sed
794 741 825 770 in
835 741 883 769 his
897 740 1018 768 duobus

239 794 349 823 ultimis
363 792 461 822 modis
472 799 533 819 non
548 793 591 819 est
603 788 790 818 innitendum
801 809 810 823 ,
826 787 883 816 nisi
897 787 1019 814 firmita-

239 844 299 870 tem
317 840 447 869 habeant
459 839 495 876 (a)
511 838 550 867 ab
569 837 672 874 aliquo
687 836 900 874 praedictorum
916 833 1017 862 trium.

240 890 287 917 Est
309 887 389 916 enim
411 885 531 922 regula,
546 884 630 922 quod
649 884 832 920 quicumque
847 881 951 910 asserit
965 879 1019 908 ali-

241 935 315 972 quid
337 934 374 963 de
397 936 471 968 Deo,
494 931 577 969 quod
599 939 661 960 non
683 933 727 959 est
748 930 805 958 sibi
829 930 943 957 certum
966 935 1020 964 per

241 981 407 1010 naturalem
430 980 577 1008 rationem
605 978 654 1006 vel
679 985 732 1014 per
752 977 861 1011 fidem,
888 975 937 1003 vel
966 983 1020 1011 per

242 1036 357 1058 sacram
371 1027 568 1064 Scripturam‚
583 1024 736 1062 praesumit
750 1026 778 1052 et
791 1025 903 1060 peccat.

495 1121 639 1155 CAPUT
663 1120 770 1154 XXV.

458 1196 494 1222 Dc
513 1195 582 1222 meis
602 1197 627 1221 et
643 1194 722 1220 Libro
741 1194 811 1220 vi‘toe.

284 1267 358 1296 ldeae
377 1273 492 1300 rerum,
509 1267 536 1292 et
555 1263 727 1299 exemplar,
748 1265 775 1290 et
794 1262 923 1290 rationes
937 1261 978 1289 sic
995 1262 1024 1289 in

248 1316 307 1343 Deo
322 1315 404 1348 sunt,
421 1312 503 1348 quod
519 1311 588 1339 idea
607 1311 746 1346 importat
760 1317 880 1337 causam
896 1308 1025 1335 cilicien-

248 1364 307 1390 tem
331 1360 515 1388 conformem
539 1357 675 1391 cssectui3
699 1356 751 1384 scd
771 1355 942 1392 exemplar,
959 1363 1026 1383 cau-

248 1417 312 1437 sam
338 1406 514 1439 t'ormatem3
535 1405 610 1433 ratio
634 1412 722 1437 vero,
747 1410 868 1430 causam
892 1402 1024 1430 finalem.

249 1457 324 1484 neus
347 1453 426 1482 enim
451 1452 585 1481 omnium
606 1458 705 1478 rerum
728 1451 771 1477 est
793 1449 993 1486 principium,
1009 1457 1026 1476 a

250 1510 311 1539 quo
327 1503 410 1535 sunt3
429 1500 525 1528 forma
544 1501 571 1526 ct
590 1497 751 1534 exemplu,
767 1497 805 1524 ad
825 1497 909 1532 cujus
933 1496 1026 1524 imita-

249 1550 360 1578 tionem
377 1550 463 1583 sunt;
480 1550 507 1575 ct
528 1547 594 1574 finis
620 1546 659 1574 ad
681 1554 770 1582 quem
790 1547 866 1573 sunt.
890 1546 953 1572 llsuc
973 1544 1028 1572 tria

249 1597 291 1624 sic
306 1605 324 1624 a
345 1604 375 1624 se
397 1595 553 1628 differunt,
569 1593 652 1630 quod
671 1592 825 1628 exemplar
849 1599 941 1619 unum
965 1594 1026 1626 eu,

250 1644 321 1680 quia
342 1642 494 1678 exemplar
509 1641 649 1668 connotat
665 1639 867 1666 causalitatem
883 1648 890 1672 3
908 1641 1027 1665 causata

249 1698 322 1718 vero
336 1690 366 1717 in
382 1696 470 1716 causa
484 1690 551 1715 sunt
565 1695 678 1720 unum3
695 1685 748 1713 sed
768 1685 896 1712 rationes
913 1687 938 1712 et
955 1684 1028 1712 ideae

250 1739 318 1764 sunt
340 1736 440 1772 plures
452 1755 461 1768 ‚
485 1734 557 1770 quia
581 1733 640 1760 istm
656 1733 692 1768 (b)
709 1734 844 1767 respectu
867 1739 967 1759 rerum
983 1731 1027 1758 di-

251 1785 366 1811 cuntur.
385 1783 455 1810 Sunt
478 1782 577 1817 itaque
600 1780 700 1816 plures
722 1778 809 1812 idme,
833 1786 899 1814 quie
919 1785 1029 1805 conno-

250 1831 312 1857 tant
331 1829 531 1864 cognitionem
552 1837 557 1854 :
580 1825 794 1861 cognoscibilia
817 1825 897 1852 enim
916 1826 948 1859 (c)
973 1824 1028 1851 dis-

250 1876 426 1911 tinguuntur
441 1875 470 1902 in
485 1876 692 1909 cognoscente.
709 1872 845 1900 Similiter
860 1874 887 1898 et
902 1871 1029 1898 rationes

251 1922 282 1950 in
299 1924 358 1950 Deo
373 1922 474 1958 plures
488 1923 572 1955 sunt,
587 1919 658 1956 quia
679 1919 797 1954 singula
821 1921 940 1946 causata
963 1919 1030 1944 sunt

252 1969 312 1997 suis
327 1968 500 1997 rationibus.
516 1967 686 1996 Absurdum
702 1965 781 1994 enim
801 1968 844 1993 est
865 1965 978 1999 dicere,
1000 1967 1031 1991 ut

253 2016 292 2044 uit
315 2015 512 2051 Augustinus¹
524 2035 533 2049 ‚
550 2021 661 2050 equum
682 2014 813 2040 creatum
839 2020 901 2039 esse
925 2019 961 2039 ea
984 2019 1030 2038 ra-

253 2063 349 2097 tione,
365 2069 426 2098 qua
437 2061 599 2089 hominem.

289 2109 447 2138 Sciendum
462 2111 560 2136 autem
576 2109 632 2142 est,
648 2106 731 2143 quod
747 2105 916 2142 duplex'est
930 2105 1031 2141 plura-

254 2156 337 2184 litas:
353 2164 412 2183 una
426 2155 547 2192 quidem
563 2156 604 2182 cst
618 2161 733 2188 rerum,
750 2155 777 2180 et
796 2152 961 2180 secundum
976 2152 1032 2179 hoc

255 2211 317 2231 non
332 2205 398 2230 sunt
412 2202 511 2238 plures
533 2201 620 2234 idcae,
638 2201 699 2227 sive
715 2199 896 2235 exemplaria
911 2199 940 2226 in
956 2200 1032 2233 Deo3

256 2251 317 2278 imo
342 2257 402 2277 una
421 2257 466 2276 res
490 2250 549 2282 cst,
570 2256 635 2283 quae
653 2246 787 2274 omnium
808 2249 850 2273 est
870 2246 1032 2281 exemplar,

257 2296 367 2324 scilicet
382 2295 505 2323 essentia
520 2294 635 2328 divina,
652 2301 742 2329 quam
759 2293 859 2320 omnia
875 2292 1033 2326 imitantur,

258 2344 288 2371 in
304 2344 449 2379 quantum
461 2341 541 2369 bona
557 2343 639 2374 sunt;
656 2340 714 2367 alia
728 2347 798 2366 vero
815 2341 856 2366 cst
870 2339 1034 2366 secundum

258 2388 457 2424 intelligentias
472 2388 627 2421 rationein,
643 2389 671 2414 et
685 2385 849 2413 secundum
863 2385 920 2412 hoe
935 2385 1036 2420 plures

259 2436 333 2465 idece
347 2437 415 2463 sunt
429 2435 459 2462 in
476 2436 533 2461 Deo
543 2455 550 2468 ,
567 2433 638 2469 quia
651 2440 755 2460 omnes
769 2440 830 2466 τος,
846 2432 876 2458 in
892 2434 1036 2467 quantum

259 2485 342 2516 sunt,
365 2481 498 2509 divinam
515 2480 666 2508 imitantur
687 2478 859 2512 essentiam,
883 2481 972 2513 prout
995 2480 1038 2505 est

260 2528 426 2563 imitabilis,
442 2536 503 2556 non
516 2529 630 2555 tantum
645 2534 705 2553 uno
723 2525 827 2559 modo,
841 2524 894 2552 scd
912 2525 1035 2552 diversi-

261 2576 366 2612 mode,
382 2578 409 2604 et
423 2574 587 2603 secundum
603 2573 737 2600 diversos
752 2572 872 2607 gradus.
888 2571 933 2599 Sic
950 2572 1038 2607 igitur

262 2623 362 2651 divina
376 2622 515 2656 essentia,
535 2619 700 2650 seeundum
722 2618 805 2655 quod
825 2620 869 2647 est
888 2618 1039 2646 imitabilis

296 2721 328 2751 (a)
345 2721 407 2746 Coet.
420 2720 480 2746 edit.
496 2719 597 2745 habeat.
609 2731 639 2737 —
654 2717 687 2749 (b)
705 2718 764 2743 ista.
778 2730 810 2736 —-
822 2717 853 2749 (c)
869 2719 965 2742 autem.

1069 316 1128 345 hoc
1147 315 1242 345 modo
1262 316 1302 345 ab
1322 317 1378 345 hac
1396 318 1546 352 creatura,
1567 317 1612 345 est
1631 315 1756 354 propria
1772 315 1850 346 ratio

1069 363 1159 400 hujus
1176 365 1332 398 creaturan
1356 366 1385 393 et
1404 363 1539 392 similiter
1557 363 1595 392 de
1612 362 1689 392 aliis.
1702 363 1787 392 Unde
1802 371 1851 393 se·

1071 410 1204 439 eundum
1217 410 1276 439 hoe
1289 410 1391 448 plures
1404 410 1479 440 ideoe
1493 410 1525 439 in
1542 412 1602 439 Deo
1624 412 1708 446 sunt,
1723 409 1796 447 qnia
1807 410 1854 440 in-

1070 457 1212 494 telligitur
1226 457 1329 486 divina
1337 458 1463 487 essentia
1473 457 1640 487 secundum
1649 457 1784 486 diversos
1791 465 1854 487 res-

1070 507 1191 542 pectus,
1213 513 1290 542 quos
1312 513 1359 534 res
1379 505 1491 534 habent
1509 505 1549 534 ad
1570 505 1683 542 ipsam,
1704 512 1773 533 eam
1790 504 1855 533 imi-

1072 553 1166 580 tantes
1199 551 1400 581 diversimode
1422 561 1429 580 :
1461 551 1636 588 hujusmodi
1663 553 1764 580 autem
1792 558 1855 580 non

1072 599 1171 628 solum
1197 599 1402 635 intelliguntur
1424 599 1464 628 ab
1491 599 1640 628 intellectu
1666 601 1781 634 creato,
1802 598 1856 628 sed

1073 646 1162 675 etiam
1178 646 1217 674 ab
1232 646 1363 674 increato
1384 646 1477 683 ipsius
1491 646 1550 674 Dei.
1571 646 1617 687 Sic
1635 645 1717 674 enim
1738 646 1814 674 Deus
1828 646 1857 673 et

1074 695 1114 724 ab
1128 696 1238 722 aeterno
1254 694 1349 729 scivit,
1366 694 1450 731 quod
1465 694 1590 722 diversae
1604 695 1745 722 creaturae
1759 692 1857 721 diver-

1074 741 1190 770 simode
1213 741 1307 778 ipsius
1331 741 1488 770 essentiam
1511 742 1608 769 essent
1632 740 1807 774 imitaturoe3
1830 742 1858 768 et

1074 787 1239 816 secundum
1259 787 1317 816 hoc
1331 787 1371 816 ab
1385 790 1494 816 aeterno
1515 787 1634 816 fuerunt
1652 786 1682 814 in
1698 788 1797 814 mente
1811 785 1858 814 di-

1074 835 1144 863 vina
1156 835 1257 871 plures
1271 835 1361 869 ideoe,
1375 834 1541 863 secundum
1556 833 1640 870 quod
1655 833 1858 869 intelliguntur

1076 881 1296 910 sieutrationes
1310 881 1438 918 propriae
1451 888 1553 909 rerum
1566 879 1720 908 intellectae
1733 879 1766 908 in
1780 880 1856 908 Deo:

1076 928 1134 956 hoc
1153 928 1233 956 enim
1253 928 1393 965 importat
1411 935 1521 956 nomen
1542 927 1632 961 ideoe,
1648 928 1681 955 ut
1697 926 1733 955 sit
1750 925 1861 955 scilicet

1078 975 1217 1013 quaedam
1239 975 1336 1003 forma
1356 975 1504 1003 intellecta
1524 974 1562 1002 ab
1584 977 1705 1010 agente,
1723 973 1763 1002 ad
1777 973 1862 1009 cujus

1079 1023 1249 1060 exemplum
1273 1023 1401 1051 exterius
1429 1030 1505 1059 opus
1532 1021 1699 1059 producere
1723 1021 1860 1050 intendit.

1079 1069 1241 1099 Dicendum
1260 1072 1302 1098 est
1317 1078 1407 1105 ergo,
1427 1069 1511 1106 quod
1533 1068 1601 1097 licet
1614 1068 1744 1097 rationes
1759 1068 1790 1096 in
1805 1070 1862 1097 Deo

1081 1120 1109 1146 et
1123 1118 1196 1146 ideae
1211 1117 1268 1145 sint
1283 1125 1342 1145 una
1355 1117 1473 1151 veritas,
1490 1123 1551 1144 una
1565 1115 1633 1150 lux,
1647 1118 1675 1144 et
1689 1123 1749 1144 una
1763 1123 1862 1144 essen-

1081 1165 1133 1199 tia,
1163 1164 1302 1192 dicuntur
1327 1167 1425 1192 tamen
1447 1163 1548 1200 plures
1571 1162 1701 1190 rationes
1722 1164 1751 1191 ct
1773 1162 1861 1198 ideae,

1080 1215 1201 1248 promer
1224 1211 1422 1248 pluralitatem
1443 1210 1630 1238 ideatorum:
1657 1210 1740 1246 cujus
1761 1218 1861 1239 exem-

1081 1259 1165 1294 plum
1181 1258 1326 1286 habemus
1341 1258 1369 1286 in
1385 1257 1507 1285 naturis.
1523 1257 1664 1285 Videmus
1679 1257 1758 1285 enim
1779 1257 1863 1294 quod

1082 1305 1284 1333 omnes-lineae
1297 1304 1397 1332 circuli
1409 1304 1551 1332 uniuntur
1562 1304 1591 1331 in
1609 1307 1726 1339 centro3
1743 1306 1863 1332 remotae

1083 1355 1181 1382 autem
1194 1361 1212 1381 a
1226 1355 1326 1380 centro
1343 1352 1482 1380 differunt
1497 1351 1535 1379 ab
1551 1351 1688 1379 invicem.
1703 1351 1774 1379 ltem
1789 1350 1863 1379 ideoe

1082 1403 1159 1435 sunt,
1176 1403 1207 1428 ut
1223 1399 1292 1428 dicit
1310 1399 1489 1433 Augustinus
1502 1399 1524 1433 ²,
1540 1409 1553 1424 (ι
1568 1398 1671 1426 sormae
1684 1397 1864 1434 principales

1082 1455 1197 1480 rerum,
1218 1455 1284 1483 quae
1305 1446 1408 1473 diviua
1424 1444 1619 1480 intelligentia
1634 1444 1829 1473 continentur.
1846 1455 1859 1471 »ι

1085 1493 1246 1522 Dicendum
1265 1495 1309 1521 est
1329 1492 1426 1528 igitur,
1443 1491 1527 1528 quod
1546 1491 1621 1519 sicut
1635 1491 1665 1519 in
1681 1493 1777 1519 mente
1795 1491 1863 1519 arti-

1082 1540 1146 1567 ficis
1161 1539 1242 1576 prins
1258 1542 1300 1567 est
1318 1539 1415 1567 forma
1429 1538 1488 1573 rei,
1503 1545 1594 1574 quam
1612 1545 1687 1573 opus
1703 1539 1802 1571 exeat,
1821 1537 1863 1565 sic

1082 1586 1156 1615 idem
1166 1595 1265 1614 rerum
1278 1588 1343 1613 ante
1356 1584 1460 1612 mundi
1471 1584 1710 1612 constitutionem
1722 1584 1752 1611 in
1764 1586 1862 1613 mente

1083 1633 1226 1661 Creatoris
1241 1635 1341 1660 erant:
1364 1639 1424 1659 non
1441 1630 1520 1658 enim
1541 1629 1655 1666 aliquid
1671 1633 1753 1658 extra
1769 1638 1799 1659 se
1815 1638 1862 1659 as-

1081 1680 1225 1716 piciebat,
1239 1678 1404 1706 secundum
1422 1677 1504 1714 quod
1520 1677 1667 1705 mundum
1686 1677 1803 1706 faceret.
1821 1679 1862 1706 Ex

1083 1725 1139 1753 hoc
1163 1728 1241 1762 patet
1262 1725 1345 1759 quod
1367 1724 1465 1753 omnis
1485 1726 1617 1752 creatura
1638 1725 1722 1760 prius
1746 1724 1776 1751 in
1804 1726 1862 1752 Deo

1084 1772 1194 1806 existit,
1208 1780 1300 1808 quam
1315 1771 1345 1799 in
1360 1771 1473 1807 seipsa:
1491 1770 1571 1798 unde
1589 1778 1656 1798 cum
1671 1769 1709 1797 ab
1730 1770 1795 1806 ipso
1811 1778 1865 1806 per

1084 1818 1261 1846 creationem
1287 1818 1446 1854 processit,
1476 1817 1515 1845 ab
1544 1817 1608 1853 ipso
1636 1816 1863 1852 quodammodo

1085 1865 1193 1893 distare
1207 1864 1295 1900 coepit
1309 1873 1315 1891 :
1342 1864 1422 1892 unde
1443 1863 1597 1892 rationalis
1615 1865 1749 1891 creatura
1764 1863 1803 1891 ad
1818 1863 1863 1899 ip-

1084 1920 1150 1940 sum
1165 1911 1261 1939 redire
1276 1910 1375 1945 debet,
1391 1911 1437 1938 cui
1452 1910 1549 1946 primo
1565 1910 1723 1945 conjuncta
1738 1909 1801 1944 suit,
1815 1917 1867 1938 an—

1085 1961 1204 1994 tequam
1221 1960 1305 1993 esset,
1322 1960 1349 1985 et
1363 1958 1420 1985 hoc
1437 1965 1490 1993 per
1503 1956 1601 1990 ideas,
1617 1964 1684 1993 quae
1698 1963 1758 1985 non
1772 1955 1865 1990 aliud,

1085 2013 1177 2041 quam
1199 2005 1261 2041 ipsc
1283 2007 1357 2032 Deus
1372 2007 1455 2037 sunt,
1471 2006 1499 2032 ct
1514 2005 1608 2032 erunt.
1625 2003 1669 2032 Sic
1684 2005 1783 2031 autem
1796 2004 1807 2021 ³
1830 2003 1866 2031 ad

1086 2053 1171 2079 Iocum
1185 2052 1254 2079 uncle
1269 2055 1378 2085 caeeunt,
1393 2053 1506 2086 flumina
1521 2053 1704 2078 revertuntur.

1123 2101 1190 2134 Res,
1212 2101 1300 2135 prout
1313 2101 1380 2126 sunt
1401 2098 1432 2125 in
1449 2100 1522 2132 Deo,
1544 2097 1683 2125 dicuntur
1703 2098 1779 2129 vila,
1800 2103 1867 2132 quae

1086 2147 1226 2182 importat
1243 2146 1388 2174 rationem
1408 2145 1479 2172 boni
1492 2145 1520 2171 ⁴:
1548 2143 1625 2176 Quod
1647 2144 1751 2176 suctum
1767 2145 1822 2177 est,
1838 2144 1867 2169 in

1087 2195 1145 2229 ipso
1160 2196 1217 2220 vita
1233 2196 1299 2220 erut.
1317 2192 1454 2219 Dicuntur
1468 2190 1556 2218 etiam
1571 2191 1628 2221 lum,
1645 2197 1711 2224 quae
1726 2188 1868 2225 importat

1087 2241 1233 2268 rationem
1248 2239 1309 2266 veri
1320 2248 1326 2272 ;
1339 2237 1527 2273 Augustinus,
1539 2244 1619 2271 super
1633 2236 1728 2263 Genesi
1736 2245 1744 2263 ε
1758 2246 1770 2261 ιι
1783 2236 1868 2263 Crea-

1089 2289 1160 2314 turae
1174 2286 1204 2314 in
1220 2287 1278 2313 Deo
1293 2287 1360 2312 sunt
1374 2284 1434 2311 lux.
1450 2294 1463 2309 i>
1475 2285 1538 2311 llaec
1551 2283 1619 2310 ideo
1633 2283 1782 2318 dicuntur,
1797 2283 1868 2319 quia

1089 2335 1120 2362 in
1134 2336 1191 2362 Deo
1206 2341 1266 2361 non
1281 2335 1347 2360 sunt
1363 2332 1458 2366 mala,
1475 2338 1573 2367 neque
1591 2330 1674 2358 salsa.

1128 2380 1293 2409 Differentia
1308 2382 1350 2407 est
1370 2379 1444 2406 inter
1465 2379 1612 2413 (az-emplum
1629 2379 1655 2405 ct
1677 2378 1773 2405 librum
1790 2379 1868 2412 ritoe,

1091 2431 1119 2457 et
1142 2429 1287 2463 speculum.
1312 2426 1468 2462 Exemplar
1496 2425 1574 2452 cuim
1605 2424 1711 2452 dicitur
1733 2428 1866 2460 respectu

1090 2482 1205 2508 rerum,
1221 2475 1252 2501 ut
1266 2473 1454 2501 redeuntium
1467 2475 1609 2508 tanquam
1623 2471 1663 2499 ad
1678 2479 1799 2499 causam
1813 2472 1869 2507 pri-

1091 2531 1183 2558 mam,
1193 2523 1264 2558 quia
1277 2523 1416 2549 connotat
1429 2523 1604 2553 creaturam,
1615 2521 1747 2555 utsupra
1758 2518 1870 2546 dictum

1092 2573 1143 2599 est.
1160 2569 1317 2606 Speculum
1331 2568 1438 2596 dicitur
1452 2569 1587 2603 respectu
1606 2574 1707 2594 rerum
1726 2566 1869 2594 euntium.

1092 2619 1131 2646 De
1143 2617 1221 2644 libro
1236 2616 1302 2644 vitae
1313 2615 1383 2643 dicit
1393 2617 1475 2650 Engo
1487 2613 1523 2642 dc
1536 2615 1641 2641 Sancto
1652 2612 1777 2648 Victore,
1788 2612 1871 2649 quod

1126 2681 1132 2695 ¹
1151 2681 1226 2711 Aug,
1241 2680 1270 2703 ‹Ie
1287 2679 1336 2703 div.
1352 2679 1442 2709 (ὶιιιιέτ.
1461 2678 1600 2708 LXXXIII,
1616 2684 1642 2708 q.
1662 2682 1732 2707 xm‘i,
1752 2682 1779 2700 n.
1799 2676 1822 2700 2.
1840 2687 1870 2692 —

1094 2718 1102 2732 ²
1117 2717 1165 2748 1d.‚
1179 2716 1241 2742 ibid.
1255 2729 1286 2734 —
1301 2715 1310 2731 ³
1324 2715 1416 2745 Eccle„
1435 2721 1452 2745 ι,
1465 2716 1488 2738 7.
1505 2727 1531 2732 -
1550 2713 1653 2743 'Jowlq
1668 2719 1686 2743 1,
1702 2714 1724 2736 4.
