2004 3037
721 208 1054 244 CONFESSIONALE.
1077 208 1164 241 CAP.
1189 209 1228 242 11.

384 311 619 337 PARTICULA
648 311 730 336 xiv.

418 365 456 390 De
470 367 543 390 sexto
557 365 696 397 praecepto.

204 422 287 452 Circa
306 422 422 451 sextum
441 421 622 458 praeceptum
643 421 755 457 quaerat
782 420 947 449 secundum

168 470 282 506 septem
314 467 495 497 differentias
525 467 667 503 luxuriae,
702 467 945 504 fornicationem,

168 515 376 548 meretricium,
388 514 577 550 adulterium,
591 516 737 551 stuprum,
747 515 945 551 sacrilegium,

168 563 252 600 quod
270 564 313 591 est
334 561 524 597 concubitus,
543 563 634 598 prout
654 561 703 590 hic
724 562 864 597 sumitur,
885 571 946 599 quo

167 609 349 639 continentia
372 611 431 638 Deo
451 611 565 638 sacrata
582 609 713 645 lceditur,
732 609 782 638 vel
801 609 946 646 violatur,

167 657 329 692 incestum,
359 657 388 685 et
412 658 568 693 peccatum
601 656 822 685 sodomiticum.
851 659 948 686 Potest

166 703 254 732 etiam
269 703 341 732 addi
359 705 465 732 octava
485 703 665 739 differentia,
682 704 791 732 scilicet
808 703 947 733 libidino-

166 759 216 779 sus
237 751 331 780 coitus
351 752 532 788 conjugalis,
553 752 605 788 qui
627 751 791 789 aliquando
811 753 948 788 provenit

165 807 202 826 ex
215 798 388 834 fragilitate,
408 799 575 836 aliquando
596 807 633 828 ex
654 799 872 836 impetuositate
887 808 948 828 me-

165 847 210 874 tas
223 845 385 874 honestatis
405 848 433 875 et
450 846 573 874 rationis
588 847 813 882 transcendens,
836 849 864 875 et
877 847 946 875 ideo

166 900 284 929 semper
299 893 517 929 (a)estm0rta1e
530 896 686 930 peccatum
697 904 705 930 3
719 894 802 930 quod
815 893 848 922 fit
860 894 946 930 quin-

167 948 225 976 que
239 940 339 968 modis
355 949 362 969 ε
384 940 500 977 primus
520 949 610 969 causa
632 941 774 969 satiandae
793 941 926 969 libidinis
937 963 946 977 ,

167 989 195 1016 et
216 987 275 1015 hoc
293 995 347 1024 per
369 987 549 1016 meretricias
577 987 751 1023 blanditias;
778 988 946 1024 secundus,

167 1034 291 1070 quando
302 1034 336 1062 fit
345 1036 448 1063 contra
457 1035 625 1063 naturalem
639 1043 727 1063 usum
735 1045 743 1071 ;
754 1035 865 1071 tertius,
879 1044 947 1064 cum

165 1080 199 1109 fit
211 1081 242 1109 in
257 1082 390 1118 tempore
409 1082 562 1118 prohibito
571 1091 579 1117 3
596 1084 736 1118 quartus,
751 1091 820 1111 cum
835 1083 865 1110 in
879 1083 947 1111 loco
993 1083 995 1087 ⁴

165 1128 333 1164 prohibito;
354 1129 485 1166 quintus,
502 1138 572 1158 cum
586 1131 737 1159 acceditur
752 1131 792 1159 ad
805 1131 946 1167 vicinam,

165 1175 214 1203 vel
231 1184 297 1212 quae
311 1178 354 1204 est
368 1176 400 1205 in
414 1177 498 1205 fluxu
512 1180 676 1206 menstruo.
692 1180 759 1206 Haec
774 1180 842 1206 sunt
856 1179 948 1207 verba

165 1223 299 1258 magistri
319 1217 490 1252 Alexandri.
519 1226 557 1253 De
576 1225 687 1262 quibus
710 1226 851 1254 omnibus
875 1234 947 1254 con-

165 1268 258 1298 fessor
285 1270 498 1307 interrogando
527 1272 695 1301 cautissime
723 1273 881 1309 procedat,
910 1281 947 1302 ne

166 1316 310 1346 efficiatur
334 1318 376 1347 eis
399 1327 488 1348 eausa
511 1320 632 1355 mortis,
658 1320 769 1357 quibus
791 1320 947 1349 ostendere

167 1362 310 1394 debuerat
325 1365 405 1394 viam
418 1366 495 1395 vitae.

431 1446 613 1471 PARTICULA
633 1447 688 1472 XV.

395 1504 432 1528 De
450 1504 561 1535 septimo
578 1506 718 1536 praecepto.

203 1554 286 1583 Circa
299 1555 459 1592 septimum
479 1559 663 1594 praeceptum
683 1559 795 1594 quaerat
810 1559 846 1586 de
861 1559 948 1595 quin-

167 1609 226 1638 que
241 1601 414 1632 differentiis
433 1605 671 1633 contrectationis
688 1605 731 1633 rei
746 1605 867 1640 alienae,
882 1614 948 1643 quae

166 1651 234 1676 sunt
249 1648 387 1678 beneficii
401 1650 572 1687 subtractio,
583 1651 698 1688 rapina,
709 1651 831 1687 furtum,
846 1660 949 1689 usura,

169 1702 307 1725 simonia.

431 1764 612 1789 PARTlCULA
630 1765 696 1790 XVI.

401 1825 438 1848 De
458 1826 550 1850 octavo
571 1827 712 1857 praecepto.

203 1884 286 1913 Circa
313 1886 452 1914 octavum
472 1889 653 1924 praeceptum
682 1890 795 1924 quaerat
819 1888 857 1917 de
881 1890 948 1918 octo

168 1932 327 1966 generibus
355 1933 525 1969 mendacii,
555 1943 685 1971 quorum
714 1936 847 1972 quinque
881 1938 950 1964 sunt

168 1979 324 2014 mortalia,
340 1981 368 2008 et
381 1980 436 2009 tria
449 1981 593 2014 venIalia,
610 1984 638 2011 et
657 1983 845 2012 continentur
860 1984 891 2012 in
903 1984 949 2012 his

168 2026 303 2054 versibus
319 2036 327 2055 :

199 2088 339 2112 Perversus
352 2089 459 2120 doctor,
475 2089 619 2120 detractor,
636 2091 707 2115 testis
723 2091 843 2123 iniquus,

200 2123 351 2155 Mentirique
365 2124 463 2155 libens,
480 2128 505 2149 et
519 2126 562 2156 qui
577 2126 699 2150 mentitur
713 2128 820 2151 adulans
832 2146 841 2158 ,

198 2159 260 2190 Res,
277 2167 385 2192 corpus,
403 2161 494 2185 florem
511 2162 544 2192 (b)
560 2162 581 2185 si
596 2162 652 2193 quis
666 2163 778 2187 fallendo
795 2165 888 2188 tuetur.

199 2195 260 2220 Haec
274 2196 323 2220 tria
339 2199 399 2222 sunt
412 2197 496 2222 veniae
507 2217 513 2229 ,
532 2200 591 2222 sunt
608 2199 699 2223 mortis
720 2202 805 2224 cetera
826 2200 947 2231 quinque.

371 2279 621 2304 PARTICULA
654 2280 759 2304 XVll.

418 2341 455 2364 De
471 2347 541 2365 nono
559 2343 697 2372 praecepto.

204 2401 285 2429 Circa
300 2409 413 2429 nonum
430 2405 611 2438 praeceptum
636 2406 762 2440 quaerat,
779 2405 802 2431 si
823 2404 948 2433 libenter

169 2447 332 2483 aliquando
339 2448 490 2477 habuisset
501 2458 564 2477 reni
577 2451 718 2486 proximi,
731 2451 819 2479 etiam
832 2451 948 2487 injuste,

169 2493 222 2522 sed
242 2494 304 2522 sine
332 2498 441 2524 conatu
463 2497 601 2525 exteriori
623 2498 776 2526 auferendi
788 2508 797 2534 3
823 2499 870 2526 vel
897 2499 949 2526 ali-

171 2542 292 2575 quando
307 2550 376 2570 cum
391 2546 498 2571 conatu
512 2544 667 2580 exteriori,
686 2545 739 2573 sed
751 2546 813 2573 sine
831 2545 946 2573 effectu.

204 2615 209 2628 ¹
227 2615 279 2639 imo
295 2618 384 2641 auctor
398 2617 472 2642 istius
485 2618 558 2647 libri,
575 2619 690 2650 quisquis
704 2620 745 2644 ille
759 2620 799 2644 sit.
815 2633 845 2637 -
861 2621 871 2636 2
890 2620 947 2645 Vid.

172 2656 238 2680 sup„
260 2653 323 2675 tom.
339 2654 371 2681 V,
390 2661 414 2684 p.
440 2656 495 2678 620.
511 2667 541 2671 —-
559 2655 591 2685 (a)
609 2656 722 2686 Profecto
746 2656 879 2687 leyenslum
895 2664 947 2680 non

172 2692 282 2716 semper.
297 2701 327 2705 -
342 2688 374 2719 (ὁ)
393 2689 453 2713 [lem
468 2690 572 2714 famam.

1727 217 1786 247 365

1192 310 1446 337 PAn'rthLA
1477 313 1603 338 xvltt.

1238 365 1275 389 De
1293 365 1396 391 decimo
1413 368 1554 398 proecepto.

1041 419 1124 448 Circa
1139 419 1289 449 decimum
1306 423 1487 458 praeceptum
1500 425 1631 460 quaerat,
1648 424 1673 452 si
1687 432 1786 454 moro-

1004 473 1051 494 sas
1070 466 1265 502 cogitatIOnes
1284 467 1406 497 luxurioe
1426 469 1567 498 volvebat
1580 470 1612 499 in
1633 471 1740 508 corde,
1759 475 1787 501 et

1003 512 1067 541 sine
1085 522 1232 543 consensu
1251 515 1365 552 operis,
1383 516 1432 544 vel
1451 516 1616 554 aliquando
1634 527 1703 548 cum
1718 528 1787 549 con—

1004 568 1107 596 sensu,
1130 561 1183 589 sed
1211 562 1273 590 sine
1298 565 1406 591 conatu
1432 564 1586 600 exteriori,
1607 565 1717 596 directe
1739 567 1787 596 vel

1003 606 1157 643 indirecte,
1172 609 1281 645 signis,
1295 610 1432 646 nutibus,
1449 611 1596 647 gestibus,
1611 621 1665 649 per
1678 623 1725 649 se,
1738 614 1787 643 vel

1003 662 1058 690 per
1083 655 1169 691 aliOS,
1193 664 1338 692 personas
1364 657 1482 692 aliquas
1505 658 1694 689 sollicitando
1703 671 1712 697 3
1737 661 1786 690 vel

1004 700 1093 729 etiam
1105 701 1129 729 si
1143 703 1314 739 concupisci
1328 703 1423 732 voluit
1436 713 1504 733 cum
1515 708 1622 735 conatu
1637 708 1786 745 exteriori,

1004 748 1050 776 vel
1064 749 1143 784 sine,
1159 751 1192 777 ut
1209 750 1301 786 prius.
1322 751 1372 779 llic
1392 751 1526 780 similiter
1541 754 1672 790 exprime
1687 755 1786 784 diver-

1003 803 1052 823 sos
1076 797 1215 832 conatus,
1238 797 1348 833 quibus
1369 799 1430 827 tam
1451 799 1593 828 mulieres
1616 809 1708 838 quam
1731 803 1787 831 viri

1003 844 1170 879 provocant
1185 852 1344 881 personas,
1359 854 1377 874 a
1396 846 1506 883 quibus
1525 847 1696 878 desiderant
1713 857 1786 878 con-

1004 890 1125 926 cupisci.

1260 956 1441 982 muricum
1460 958 1527 983 xix.

1127 1017 1163 1041 De
1181 1024 1277 1042 novem
1294 1019 1378 1043 modis
1393 1020 1512 1045 currendi
1526 1028 1585 1046 cum
1601 1022 1667 1047 fure.

1040 1082 1155 1115 Quaerat
1169 1082 1257 1110 etiam
1272 1083 1309 1111 de
1324 1092 1435 1112 novem
1450 1086 1548 1114 modis
1564 1087 1704 1116 currendi
1718 1096 1788 1117 cum

1003 1127 1078 1156 fure.
1094 1129 1173 1162 Quos
1185 1129 1224 1157 ad
1238 1130 1334 1160 multa
1345 1131 1403 1160 alia
1413 1135 1564 1170 praecepta
1574 1135 1682 1171 poterit
1696 1135 1788 1172 adap-

1004 1177 1082 1212 tare,
1098 1177 1150 1213 qui
1166 1178 1353 1208 continentur
1367 1180 1399 1208 in
1410 1181 1456 1209 his
1469 1183 1603 1211 versibus
1619 1192 1626 1211 ε

1035 1254 1130 1286 Jussio,
1147 1256 1297 1288 consilium,
1314 1265 1471 1289 consensus,
1483 1259 1573 1291 palpo,
1590 1267 1725 1293 recursus,

1034 1291 1134 1322 Mutus,
1149 1292 1322 1325 participans,
1336 1301 1391 1319 non
1408 1295 1523 1327 obstans,
1538 1304 1592 1321 non
1608 1297 1786 1322 manifestans.

1039 1369 1095 1397 Ista
1119 1372 1244 1405 possunt
1271 1370 1415 1408 applicari
1444 1372 1484 1400 ad
1512 1381 1584 1408 eos,
1610 1374 1662 1410 qui
1686 1375 1787 1404 tenent

1003 1415 1135 1450 Judaeos,
1150 1417 1334 1452 meretrices,
1355 1418 1470 1447 lusores
1485 1419 1516 1448 in
1533 1420 1689 1457 domibus,
1705 1423 1733 1450 et
1747 1422 1786 1450 ad

1004 1462 1099 1491 multa
1113 1463 1173 1492 alia
1187 1466 1317 1500 peccata.

1225 1564 1474 1590 PAR'rlCULA
1502 1567 1566 1591 XX.

1257 1632 1293 1655 De
1311 1632 1523 1659 Circumstantiis.

1039 1698 1154 1732 Quaerat
1169 1699 1258 1728 etiam
1279 1701 1316 1729 de
1338 1702 1565 1732 circumstantiis
1577 1705 1786 1741 peccatorum,

1004 1752 1070 1781 quae
1084 1746 1271 1776 continentur
1284 1748 1315 1776 in
1329 1748 1388 1777 hoc
1401 1758 1491 1778 versu
1506 1760 1514 1779 :

1036 1822 1107 1852 Quis,
1125 1822 1199 1854 quid,
1215 1823 1273 1855 ubi,
1288 1831 1334 1856 per
1350 1832 1430 1858 quos,
1448 1827 1558 1859 quotics,
1574 1835 1629 1860 cur,
1644 1830 1785 1893 qpomogo,

1673 1872 1740 1896 quan
1761 1873 1785 1892 0.

1003 1935 1042 1962 De
1057 1935 1166 1971 quibus
1182 1937 1408 1966 circumstantiis
1422 1939 1556 1975 loquitur
1569 1942 1749 1976 Augustinus
1765 1943 1785 1979 ¹,

1003 1982 1034 2009 in
1048 1982 1127 2010 libro
1148 1983 1180 2012 de
1197 1992 1261 2012 vera
1281 1987 1306 2012 et
1320 1986 1395 2019 salsa
1413 1987 1591 2023 Paenitentia,
1607 1996 1672 2024 cap.
1688 1997 1742 2025 xx,
1758 1992 1786 2018 et

1003 2031 1165 2065 ponuntur,
1178 2031 1211 2058 de
1226 2032 1400 2067 Paenitentia,
1418 2033 1485 2061 dist.
1497 2042 1524 2069 v,
1537 2043 1561 2061 c.
1577 2036 1739 2068 Consideret,
1757 2039 1785 2064 et

1003 2075 1034 2102 in
1050 2077 1083 2104 1V
1103 2076 1180 2104 libro
1194 2078 1428 2113 Sententiarum,
1445 2080 1511 2108 dist.
1528 2089 1593 2116 xvi,
1610 2081 1688 2110 circa
1701 2083 1783 2119 prin-

1004 2122 1115 2158 cipium
1130 2124 1149 2150 Ξ.
1162 2125 1228 2151 Post
1240 2124 1329 2160 igItur
1343 2125 1394 2152 illa
1409 2126 1474 2161 tria,
1489 2135 1555 2163 quae
1569 2136 1630 2164 prae
1644 2130 1784 2158 omnibus

1003 2169 1141 2198 convenit
1152 2171 1254 2206 quaeri,
1269 2171 1379 2200 scilicet
1389 2172 1412 2200 si
1420 2172 1512 2201 fidem
1521 2177 1652 2203 sanctam
1662 2175 1785 2205 firmiter

1003 2218 1109 2251 teneat,
1122 2219 1238 2245 Extrav.
1252 2218 1288 2246 de
1302 2219 1480 2247 poenitentiis
1495 2222 1523 2248 et
1539 2222 1783 2260 Remissionibus,

1004 2272 1028 2292 c.
1041 2265 1113 2292 Deus
1122 2267 1171 2300 qui
1180 2267 1337 2302 Ecclesiam,
1347 2268 1376 2295 in
1386 2267 1455 2296 fine.
1470 2268 1498 2296 Si
1510 2269 1678 2298 Orationem
1687 2272 1784 2300 Domi-

1002 2311 1101 2340 nicam
1119 2312 1205 2347 sciat;
1222 2313 1245 2340 si
1262 2321 1366 2342 omnes
1379 2314 1516 2343 homines
1531 2316 1561 2343 in
1576 2317 1705 2346 Ecclesia
1719 2318 1784 2346 dili-

1003 2361 1070 2394 gat:
1088 2367 1122 2387 ac
1137 2359 1174 2387 de
1189 2360 1339 2395 praedietis
1354 2361 1578 2389 circumstantiis
1594 2364 1689 2392 taliter
1704 2373 1784 2401 quae-

1002 2408 1056 2434 rat.
1066 2406 1174 2440 Primo,
1184 2407 1251 2442 quis
1265 2407 1329 2443 ipsc
1344 2407 1440 2443 fuerit,
1456 2417 1524 2436 cum
1539 2410 1683 2445 peccavit,
1700 2412 1783 2449 cujtis

1003 2453 1113 2482 scilicet
1127 2454 1320 2490 conditionis,
1337 2456 1420 2491 cujus
1435 2457 1546 2492 gradus
1562 2467 1568 2485 :
1583 2458 1689 2486 eodem
1704 2460 1783 2488 enim

1003 2508 1110 2536 genere
1137 2502 1248 2537 peccati
1269 2506 1372 2538 peccat
1392 2503 1511 2538 gravius
1528 2505 1667 2533 sacerdos
1692 2515 1783 2542 quam

1003 2547 1157 2583 diaconus,
1174 2549 1319 2585 diaconus
1333 2559 1425 2587 quam
1436 2551 1648 2587 subdiaconus,
1664 2554 1784 2583 subdia-

1003 2602 1095 2623 conus
1117 2604 1209 2631 quam
1233 2597 1384 2633 acolytus,
1405 2598 1538 2634 acolytus
1560 2607 1652 2635 quam
1672 2599 1781 2637 laicus,

1002 2641 1156 2677 religiosus
1180 2651 1272 2678 quam
1292 2644 1449 2672 saecularis.
1476 2645 1590 2678 Quaerat
1604 2646 1693 2675 etiam
1708 2648 1781 2684 quid

1001 2688 1079 2723 fecit,
1092 2689 1202 2717 scilicet
1211 2690 1386 2726 perjurium,
1397 2691 1544 2727 fraudem,
1557 2695 1585 2721 et
1595 2693 1779 2730 hujusmodi.
