2004 3037
622 165 672 198 DE
693 163 952 198 CORRUPTELA
975 165 1152 200 PECCATI.
1177 166 1264 200 CAP.
1287 167 1323 199 X.

167 235 274 264 nature
287 235 437 270 corrupta.
456 233 513 263 Sed
531 232 696 262 seeundum
717 232 802 270 quod
825 240 946 270 compa-

169 282 250 309 ratur
264 280 304 309 ad
318 288 444 317 corpus,
458 282 582 311 vocatur
602 281 646 308 lez·
669 281 778 315 carnis,
801 287 836 308 eo
861 279 945 316 quod

169 327 234 364 lege
247 327 350 357 divina
363 327 445 356 carni
465 327 502 356 sit
521 326 640 356 inflicta.
663 328 734 355 item
755 327 798 355 leae
818 327 946 355 membro-

168 383 249 407 rum,
266 374 337 411 quia
358 375 459 402 movet
481 381 594 410 organa
617 373 656 402 ad
677 381 769 410 opera
789 373 946 410 concupis-

170 421 279 450 centiae.
304 422 374 450 item
398 423 547 456 tyrannus,
567 422 689 457 propter
712 420 946 449 dominationem

169 476 262 505 quam
275 467 365 496 habet
378 467 465 504 quasi
479 467 643 495 violentam
657 467 688 495 in
706 467 771 503 ipso
793 467 947 503 0011011ρί5-

169 515 259 543 cibili.
275 516 346 544 Item
359 515 457 549 fomes,
472 513 545 550 quia
560 514 636 542 sicut
649 513 722 542 cinis
737 513 818 542 fovet
833 514 945 550 ignem,

169 561 210 589 ita
219 569 274 598 per
284 561 383 598 ipsum
395 560 512 589 fovetur
525 563 680 597 peccatum
693 561 724 589 in
738 568 826 589 carne
841 568 946 589 secun-

170 607 242 636 dum
256 609 355 636 actum
369 607 514 636 nutritivae
527 610 555 636 et
566 607 753 643 generativoe.
768 607 839 636 110111
851 609 947 636 stimu-

169 655 211 683 lus
234 656 341 688 carnis,
368 655 440 691 quia
462 655 595 683 stimulat
620 663 741 683 carnem
767 654 808 682 ad
833 654 946 691 primos

169 703 280 736 motus,
306 703 334 729 et
355 701 488 730 animum
509 701 549 729 ad
570 709 757 729 consensum.
782 701 839 729 Sed
858 703 948 737 prout

170 749 359 784 comparatur
373 748 413 776 ad
426 750 507 776 actus
527 748 732 783 delectabiles,
747 750 871 776 vocatur
884 756 946 776 con-

169 795 352 830 cupiscentia,
377 803 443 831 quae
467 797 553 822 sonat
578 795 682 823 vitium
706 795 737 822 in
761 796 844 830 actu,
859 796 949 831 prout

171 841 257 869 estin
272 841 390 869 adultis.
406 843 477 869 ltem
491 842 756 876 concupiscibilitas,
773 850 839 877 quae
863 844 949 870 sonat

172 887 278 916 vitium
290 887 322 915 in
341 888 490 924 potentia,
512 890 602 924 prout
623 890 665 916 est
685 888 715 916 in
738 888 880 924 parvulis.
897 889 946 916 Se-

171 934 302 962 cundum
328 942 399 962 vero
428 934 511 971 quod
537 936 727 971 comparatur
751 935 790 963 ad
814 935 946 971 primum

171 981 339 1015 hominem,
351 989 369 1009 a
382 989 443 1016 quo
459 981 657 1016 contrahitur,
672 984 797 1010 vocatur
808 985 948 1018 peccatum

171 1028 313 1062 oriqinale,
330 1027 412 1064 quod
428 1029 471 1056 est
484 1028 612 1057 carentia
627 1028 734 1056 debitae
745 1028 873 1064 justitiae.

452 1122 594 1156 CAPUT
616 1123 660 1156 X.

408 1195 445 1222 De
461 1196 561 1230 primis
578 1195 700 1222 motibus.

206 1264 278 1291 Cum
293 1264 483 1299 peccatorum
498 1263 582 1290 aliud
600 1263 637 1290 sit
653 1265 765 1297 actum,
783 1262 866 1290 aliud
880 1271 948 1291 con-

171 1312 311 1345 tractum,
325 1310 424 1346 ipsum
444 1311 601 1346 peccatum
616 1310 731 1338 actuale
746 1309 916 1346 frequenter
931 1319 948 1338 a

170 1357 273 1394 primis
287 1358 417 1386 motibus
431 1357 523 1385 habet
544 1360 651 1385 ortum.
669 1358 750 1386 Unde
771 1358 925 1386 sciendum
937 1381 946 1394 ,

171 1404 255 1440 quod
273 1404 304 1432 in
318 1406 394 1432 statu
409 1404 584 1432 innocentiae
604 1413 666 1433 non
689 1405 866 1433 movebatur
881 1414 948 1434 sen-

170 1450 290 1479 sualitas
312 1451 368 1478 nisi
390 1451 555 1479 secundum
582 1454 698 1479 motum
719 1452 852 1480 rationis.
877 1453 947 1480 Ideo

171 1500 264 1525 stante
277 1498 375 1534 primo
390 1498 512 1526 homine
533 1498 564 1526 in
579 1498 686 1526 eodem
707 1500 783 1526 statu
794 1521 801 1533 ,
816 1507 878 1527 non
889 1507 946 1535 po-

170 1547 243 1573 terat
257 1545 288 1572 in
303 1553 338 1573 eo
357 1553 420 1573 esse
435 1547 589 1581 peccatum
612 1546 702 1574 etiam
716 1546 842 1574 veniale.
859 1546 957 1574 Primi'

169 1594 282 1626 motus,
299 1592 350 1620 etsi
365 1592 579 1628 particulariter
595 1595 622 1620 et
638 1592 806 1628 singulatim
822 1595 948 1629 possunt

171 1638 327 1673 declinarI,
347 1640 448 1666 tamen
471 1638 555 1666 nullo
579 1639 672 1666 modo
697 1647 801 1667 omnes
824 1643 948 1675 possunt

170 1684 282 1720 caveri,
307 1685 378 1721 quia
401 1685 442 1712 510
467 1687 509 1712 101
532 1687 599 1712 511111
621 1687 761 1721 peccata,
784 1688 857 1722 quot
880 1688 948 1714 sunt

170 1731 258 1759 etiam
272 1731 386 1767 peccati
400 1740 496 1768 poenae
512 1741 518 1759 :
535 1734 563 1760 et
583 1732 652 1760 ideo
678 1733 783 1761 merito
809 1733 948 1760 dicuntur

169 1778 315 1813 venialia,
331 1778 403 1814 quia
415 1778 473 1806 hoc
492 1778 557 1814 ipso
578 1780 645 1806 sunt
666 1779 758 1814 digna
772 1779 868 1808 venia.
885 1780 946 1808 Pri-

169 1833 236 1852 mus
263 1827 361 1853 motus
390 1825 431 1853 sic
459 1825 651 1861 describitur,
671 1826 754 1862 quod
782 1829 824 1854 est
849 1829 948 1854 motus

170 1871 366 1900 sensualitatis
389 1873 554 1900 secundum
575 1873 738 1909 impulsum
759 1873 869 1901 fomitis
892 1874 948 1902 im·

169 1919 292 1953 petuose
306 1919 431 1947 tendens
446 1919 486 1947 ad
499 1919 671 1947 fruitione-m
691 1922 831 1948 creaturae
853 1919 948 1949 delec-

170 1964 277 1992 tabilis.
303 1965 460 2001 Dupliciter
484 1966 598 2001 primus
619 1968 717 1994 motus
741 1967 945 2003 distinguitur,

170 2013 315 2046 quantum
329 2014 439 2048 spectat
454 2012 494 2039 ad
507 2015 680 2048 praesentem
701 2014 857 2042 materiam
867 2035 876 2048 ,
891 2015 947 2042 sci-

170 2056 239 2085 11001
252 2057 350 2093 primo
362 2058 491 2094 primus,
504 2059 556 2093 qui
571 2061 614 2086 est
627 2059 786 2094 naturalis,
803 2063 830 2088 et
844 2069 948 2089 secun-

171 2103 210 2131 do
225 2104 355 2140 primus,
372 2104 424 2140 qui
438 2107 481 2132 est
494 2105 700 2133 sensualitatis.

206 2152 279 2179 Cum
292 2159 363 2186 ergo
377 2151 531 2187 loquimur
544 2151 581 2179 de
596 2151 699 2188 primis
712 2152 852 2187 motibus,
864 2153 948 2188 quod

169 2200 236 2226 sunt
258 2199 404 2233 peccata,
426 2198 653 2233 intelligendum
681 2201 724 2227 051
751 2199 788 2227 (10
814 2199 946 2227 secundo

169 2244 286 2280 primis,
302 2244 355 2280 qui
370 2246 438 2272 sunt
458 2245 654 2273 sensualitatis
662 2266 671 2280 ,
688 2245 759 2282 quia
774 2246 872 2282 primo
887 2246 946 2282 pri-

169 2291 212 2320 mi
234 2299 297 2319 non
320 2292 388 2319 sunt
409 2294 550 2328 peccata,
570 2300 638 2319 cum
661 2292 719 2320 sint
739 2293 901 2328 naturales,
920 2296 948 2321 et

173 2339 255 2366 extra
270 2346 363 2373 genus
374 2339 466 2366 moris
482 2348 489 2367 :
506 2339 590 2375 quod
607 2341 687 2375 patet
702 2348 755 2376 per
768 2340 840 2375 1100,
863 2340 947 2376 quod

170 2385 243 2414 tales
252 2394 314 2414 non
324 2388 489 2422 sequuntur
500 2387 758 2423 imaginationem,
771 2388 824 2416 sed
838 2388 948 2416 solum-

170 2432 262 2461 modo
283 2433 464 2461 naturalium
483 2433 658 2471 qualitatum
674 2435 832 2463 actionem.
854 2436 947 2462 Motus

171 2481 269 2508 autem
288 2480 419 2508 secundo
434 2480 523 2517 primi
541 2483 610 2509 sunt
629 2484 770 2518 peccata,
787 2482 857 2518 quia
879 2483 947 2509 sunt

172 2527 253 2553 actus
275 2526 435 2556 inordinati
456 2527 487 2556 in
508 2536 615 2564 genere
636 2529 750 2558 moris:
768 2529 850 2566 quod
868 2531 947 2564 patet

204 2626 237 2658 (a)
253 2626 312 2652 Cael.
328 2627 388 2652 edit.
402 2628 444 2660 qui
457 2636 510 2653 non
526 2629 670 2660 imperium.

1718 172 1774 203 131

997 241 1053 271 per
1079 234 1138 264 1100
1157 257 1166 271 ,
1195 236 1278 272 qnod
1302 235 1375 264 tales
1397 237 1496 264 motus
1519 238 1588 265 sunt
1605 237 1777 266 sensualita-

998 280 1053 315 tis,
1069 289 1135 318 quoe
1155 283 1289 318 subjacet
1306 283 1337 311 in
1355 282 1465 311 talibus
1489 283 1624 312 dominio
1638 284 1777 313 volunta-

1000 327 1045 355 tis.
1062 328 1203 357 Voluntas
1218 332 1316 358 autem
1342 332 1385 358 est
1401 330 1581 367 principium
1598 331 1776 368 moralium,

1000 374 1074 403 sicut
1098 375 1224 404 habetur
1246 376 1324 404 libro
1348 376 1474 412 septimo
1498 378 1613 406 Elhices.
1640 378 1711 406 ilinc
1735 380 1780 407 est

999 422 1138 458 quodibi
1153 431 1246 459 genus
1260 423 1352 452 moris
1367 423 1484 460 incipit,
1502 425 1554 452 ubi
1568 425 1666 461 primo
1682 425 1778 454 domi-

1000 468 1085 497 nium
1105 469 1266 505 voluntatis
1286 470 1434 498 invenitur
1456 480 1463 498 :
1481 470 1538 499 hoc
1561 473 1660 500 autem
1679 474 1724 500 est
1747 472 1779 500 in

1000 516 1199 545 sensualitate.
1216 517 1355 551 Quamvis
1378 525 1448 553 ergo
1469 525 1523 553 per
1543 518 1689 546 rationem
1703 526 1780 555 prae-

1001 561 1111 591 dictam
1132 563 1168 591 sit
1187 563 1218 591 in
1241 563 1428 592 sensualitate
1452 566 1628 600 peccatum,
1653 573 1714 593 non
1738 568 1779 594 ta—

1001 616 1071 636 men
1092 609 1150 637 hoc
1176 610 1229 638 erit
1255 610 1396 646 mortale,
1419 610 1472 638 secl
1498 611 1705 639 tantummodo
1726 620 1778 640 ve-

1001 655 1080 683 niale
1095 677 1105 691 ,
1135 657 1206 693 quia
1233 657 1372 685 voluntas
1403 665 1465 685 non
1491 657 1582 686 habet
1610 658 1779 686 dominium

1001 702 1185 738 completum
1200 711 1288 739 super
1302 704 1415 740 primos
1429 705 1527 732 motus
1538 725 1546 739 ,
1564 704 1615 740 qui
1630 706 1697 732 sunt
1711 713 1779 733 sen-

1001 748 1161 784 sualitatis,
1177 749 1252 777 sicut
1267 750 1368 778 inillis
1383 750 1496 778 actibus
1506 771 1513 784 ‚
1531 751 1582 786 qui
1602 759 1638 779 ex
1653 751 1779 788 imperio

1002 795 1162 823 voluntatis
1181 797 1365 832 procedunt3
1382 797 1435 825 sed
1457 797 1548 825 habet
1569 797 1600 825 in
1623 797 1665 826 cis
1686 798 1781 826 domi-

1002 841 1086 870 nium
1108 842 1337 879 incomplctum,
1354 844 1428 872 sicut
1448 844 1479 872 in
1498 844 1556 872 illis
1578 844 1712 880 actibus,
1729 845 1781 881 qui

1003 889 1040 925 (a)
1055 889 1214 925 imperium
1229 891 1350 919 rationis
1369 891 1555 927 praecedunt,
1571 893 1599 920 et
1613 893 1713 919 tamen
1727 899 1782 920 vo-

1003 935 1100 964 luntas
1115 936 1186 964 tales
1203 940 1302 966 motus
1323 938 1519 966 sensualitatis
1540 938 1686 974 impedire
1699 941 1783 974 pote-

1003 985 1061 1018 rat,
1074 985 1101 1011 et
1111 983 1179 1012 ideo
1190 987 1257 1012 sunt
1270 987 1390 1021 peccata
1404 985 1544 1013 venialia.
1559 985 1647 1013 Primi
1660 993 1781 1022 quoque

1003 1032 1101 1058 motus
1119 1030 1189 1059 ideo
1213 1031 1392 1059 sensualitati
1414 1032 1620 1067 ascribuntur,
1643 1032 1715 1068 quia
1738 1034 1780 1060 ta-

1003 1076 1077 1104 lium
1109 1080 1246 1106 motuum
1277 1079 1458 1115 principium
1485 1080 1657 1108 sensualitas
1683 1082 1726 1108 est
1754 1082 1782 1108 et

1003 1124 1179 1160 subjectum.
1196 1126 1359 1154 Dicendum
1379 1134 1501 1163 quoque
1517 1127 1601 1163 quod
1614 1128 1703 1164 primi
1717 1136 1782 1156 mo-

1006 1172 1049 1198 tus
1073 1172 1236 1200 seeundum
1260 1173 1401 1209 praedicta
1422 1176 1491 1201 sunt
1512 1176 1634 1210 peccata
1654 1175 1782 1203 venialia

1002 1218 1110 1254 triplici
1129 1219 1243 1247 ratione
1260 1228 1267 1247 ε
1284 1220 1398 1255 primo,
1415 1221 1485 1256 quia
1499 1223 1622 1249 movent
1639 1221 1678 1249 ad
1697 1222 1782 1250 illici-

1003 1266 1084 1300 tum;
1101 1266 1249 1301 secundo,
1266 1266 1338 1302 quia
1351 1269 1419 1295 sunt
1434 1268 1662 1303 quodammodo
1677 1269 1783 1297 volun-

1003 1312 1085 1346 tarii,
1099 1320 1160 1340 non
1175 1313 1341 1341 secundum
1356 1322 1397 1349 se,
1411 1314 1465 1342 sed
1481 1315 1566 1351 quia,
1583 1316 1658 1343 sieut
1672 1316 1784 1344 dictum

1004 1360 1063 1394 est,
1087 1367 1149 1387 non
1174 1360 1377 1396 impediuntur
1399 1369 1416 1389 a
1430 1362 1599 1397 voluntate,
1622 1362 1672 1390 vel
1696 1363 1784 1391 etiam

1003 1408 1124 1442 propter
1138 1407 1356 1442 praecedentem
1371 1409 1641 1444 apprehensionem
1652 1419 1660 1444 ;
1677 1410 1762 1438 tertio
1772 1432 1782 1446 ,

1002 1455 1125 1489 propter
1154 1454 1382 1482 delectationem
1411 1463 1570 1484 annexam.
1601 1458 1674 1484 Cum
1704 1458 1784 1485 enim

1004 1500 1104 1528 anima
1113 1508 1167 1535 per
1184 1501 1411 1529 delectationem
1428 1503 1618 1538 conjungitur
1633 1506 1782 1539 creaturae,

1004 1546 1227 1583 obtenebratur,
1244 1550 1271 1575 et
1285 1549 1452 1584 pej0ratur3
1474 1550 1549 1578 sicut
1570 1551 1693 1586 quando
1715 1559 1784 1579 con-

1001 1593 1135 1628 jungitur
1150 1595 1224 1629 Deo,
1245 1595 1430 1623 illuminatur
1453 1598 1481 1624 01
1503 1596 1686 1625 melioratur.
1710 1599 1783 1626 Nota

1004 1640 1087 1676 quod
1109 1641 1201 1668 homo
1223 1641 1347 1677 pronior
1371 1645 1413 1670 est
1434 1643 1473 1670 ad
1487 1643 1616 1679 malum,
1633 1652 1725 1680 quam
1743 1645 1783 1673 ad

1003 1687 1133 1723 bonum,
1149 1690 1176 1716 01
1190 1689 1247 1716 1100
1262 1690 1362 1717 multis
1383 1690 1420 1718 de
1437 1691 1540 1719 01111515.
1559 1692 1672 1728 Primo,
1693 1693 1782 1729 quia,

1004 1735 1077 1762 sicut
1091 1735 1213 1763 dicitur¹
1227 1745 1233 1763 ι
1253 1737 1369 1772 Corpus,
1388 1738 1459 1772 quod
1474 1740 1666 1774 corrumpitur,
1683 1748 1783 1774 099νο-

1003 1784 1047 1808 vat
1061 1783 1196 1817 animam,
1218 1783 1336 1811 trahens
1360 1784 1442 1812 illam
1465 1785 1502 1812 ad
1527 1785 1660 1821 malum,
1676 1788 1703 1814 ct
1721 1794 1783 1814 non

1003 1828 1044 1856 510
1067 1829 1182 1864 erigens
1204 1830 1243 1857 ad
1264 1829 1390 1859 bonum.
1415 1831 1569 1866 Secundo,
1595 1832 1684 1868 quia,
1709 1833 1784 1861 sicut

1004 1874 1074 1907 dicit
1089 1876 1285 1911 Augustinus,
1304 1887 1318 1903 «
1333 1878 1399 1905 Plus
1413 1878 1493 1906 valet
1504 1878 1617 1907 malum
1632 1879 1782 1914 inolitum,

1004 1930 1096 1957 quam
1110 1923 1226 1951 bonum
1241 1924 1402 1952 insolitum.
1418 1935 1431 1951 ›>
1449 1925 1559 1959 Tertio,
1575 1926 1648 1962 quia
1662 1928 1782 1955 natura-

1003 1968 1069 1996 liter
1083 1969 1199 1997 facilius
1215 1972 1257 1998 est
1277 1971 1473 2005 descendere,
1489 1980 1580 2008 quam
1602 1973 1780 2009 ascendere;

1004 2017 1031 2043 ct
1053 2024 1131 2044 unus
1155 2017 1249 2051 magis
1270 2017 1357 2045 trahit
1381 2018 1537 2053 deorsum,
1561 2027 1653 2054 quam
1677 2019 1782 2048 decem

1004 2072 1130 2092 sursum.
1148 2066 1271 2099 Quarto,
1288 2065 1358 2101 quia
1376 2065 1500 2093 incitans
1520 2065 1559 2093 ad
1577 2066 1693 2094 malum
1705 2075 1781 2103 11110-

1004 2118 1071 2138 50115
1086 2113 1142 2144 est,
1158 2111 1210 2138 secl
1229 2111 1296 2138 finis
1310 2111 1452 2139 virtutum
1471 2112 1595 2140 incltans
1610 2113 1650 2141 ad
1665 2113 1781 2143 bonum

1004 2157 1110 2184 absens
1137 2159 1180 2185 est
1194 2167 1202 2192 ς
1229 2157 1404 2185 delectabile
1433 2160 1533 2186 autem
1561 2159 1782 2195 apprehensum

1003 2212 1057 2239 per
1075 2212 1210 2239 sensum,
1227 2205 1276 2232 vel
1296 2204 1560 2240 imaginationem,
1577 2206 1662 2241 quasi
1678 2207 1715 2236 de
1730 2216 1782 2236 110-

1004 2251 1135 2279 cessitate
1150 2253 1251 2279 movet
1273 2252 1552 2287 concupiscentiam.
1569 2253 1695 2288 Quinto,
1711 2255 1781 2291 quia

1003 2297 1103 2333 plures
1125 2298 1351 2326 circumstantiae
1370 2299 1563 2335 requiruntur
1584 2300 1624 2327 ad
1645 2300 1779 2336 bonum,

1004 2352 1096 2380 quam
1119 2344 1159 2372 ad
1186 2345 1310 2373 malum.
1336 2346 1445 2380 Sexto,
1469 2346 1541 2382 quia
1567 2347 1716 2375 tendimus
1742 2348 1781 2375 ad

1003 2393 1138 2419 nostrum
1155 2391 1350 2428 principium,
1366 2392 1476 2420 scilicet
1494 2393 1534 2420 ad
1554 2393 1691 2422 nihilum.
1709 2395 1780 2430 Sep-

1003 2437 1075 2466 timo
1093 2459 1101 2473 ,
1132 2438 1204 2474 quia
1231 2438 1327 2466 fomes
1340 2459 1349 2473 ,
1371 2438 1424 2475 qui
1451 2441 1553 2467 movet
1580 2439 1620 2468 ad
1647 2440 1760 2468 malum
1771 2462 1779 2476 ‚
1814 2451 1817 2454 ¹

1003 2492 1120 2521 semper
1135 2485 1212 2513 intra
1230 2493 1285 2513 nos
1301 2487 1363 2520 est3
1382 2485 1476 2520 gloria
1489 2494 1576 2521 vero,
1592 2494 1685 2522 quam
1699 2495 1781 2523 (111εο-

1002 2532 1107 2567 rimus,
1123 2534 1204 2560 extra
1218 2539 1273 2559 nos
1288 2533 1340 2559 est.
1357 2532 1464 2560 Octavo
1474 2554 1482 2566 ,
1499 2534 1569 2569 quia
1583 2535 1659 2560 vires
1675 2533 1781 2562 animae

1037 2633 1041 2645 ¹
1058 2632 1128 2663 Sap„
1144 2637 1180 2662 lx,
1199 2633 1234 2655 15,
