2004 3037
185 212 247 251 522

185 279 244 309 bus
262 279 366 309 vestris
381 279 440 315 est,
460 286 522 308 non
536 278 618 308 enim
639 277 684 307 fas
697 279 741 307 est
760 284 864 314 regem
881 276 970 307 vobis

186 326 354 364 quidquam
368 333 490 363 negare.
504 336 520 354 i>
535 326 628 362 Hier„
640 332 767 362 xxxvru,
781 327 810 360 4,
824 327 852 353 5.

221 374 266 404 Ad
280 373 393 402 malam
412 372 633 409 suggestionem
650 372 821 410 principum
833 373 863 400 et
876 373 970 401 satra-

185 429 310 460 parum,
329 421 432 450 Darius
454 429 508 450 rex
529 422 683 450 Persarum
702 419 854 449 constituit
867 419 970 448 decre-

186 470 265 504 tum,
279 470 312 497 ut
325 468 509 506 quicumque
522 469 635 505 peteret
654 467 771 504 aliquid
785 475 804 495 a
823 474 970 504 quocum-

186 523 246 553 que
265 516 408 552 domino,
429 515 478 544 vel
497 515 637 550 homine,
657 515 716 543 nisi
733 514 773 543 ab
793 514 861 552 ipso
877 521 969 551 rege,

186 563 348 594 mitteretur
362 564 393 592 in
404 563 503 592 lacum
514 563 648 592 leonum.
666 564 749 598 Dum,
763 570 806 591 vr.

225 620 240 638 α
253 611 285 639 ln
305 610 411 640 diebus
433 621 447 638 n
470 610 606 640 Antiochi
628 619 642 637 α
665 610 800 639 exierunt
820 617 857 638 ex
881 608 973 639 israel

186 657 240 687 filii
259 657 372 695 iniqui,
393 659 422 687 et
438 659 594 687 suaserunt
613 657 715 686 multis
737 656 867 686 dicentes
883 665 891 685 ε
917 658 971 686 Ea·

186 714 269 742 muS,
296 707 324 734 et
348 705 544 742 disponamus
569 706 778 734 testamentum
800 712 871 734 eum
894 705 972 733 Gen·

186 752 277 788 tibus,
290 762 305 779 ι)
323 754 377 782 etc.
394 755 404 782 1
418 753 521 788 Μαοὶι.,
535 760 556 788 ι,
572 753 619 780 12.

222 802 348 829 Tantum
359 801 450 829 suasit
464 800 612 830 Menelaus
625 798 809 834 Andronico,
825 798 910 834 quod
920 798 973 827 ille

188 847 296 877 occidit
303 847 408 876 oniam
418 855 570 875 summum
577 846 774 875 sacerdotem.
786 847 808 874 11
818 845 971 880 Mach.,1v.

223 895 297 923 Cum
324 894 485 923 adversum
513 893 679 925 Menelaum
703 892 852 929 judicium
881 892 973 928 agita-

187 943 269 971 retur
282 950 385 971 coram
399 941 555 978 Antiocho,
570 941 748 970 Ptolomaeus
761 940 891 977 pecunia
908 948 974 969 cor-

187 991 292 1026 ruptus
307 998 359 1026 per
379 989 545 1019 Menelaum
566 987 713 1026 persuasit
727 987 809 1024 regi,
827 989 856 1016 et
870 995 940 1015 eum
956 994 975 1016 a

188 1037 334 1065 sententia
355 1036 501 1072 deduxit3
521 1036 574 1073 qui
594 1035 761 1065 Menelaum
783 1034 928 1070 absolvit,
947 1036 975 1063 et

187 1083 281 1119 justos
313 1083 376 1119 ejus
406 1085 594 1114 accusatores
623 1085 719 1112 morte
753 1081 917 1110 damnavit.
952 1082 974 1110 11

191 1131 293 1166 Maeli„
311 1138 352 1159 iv.

225 1177 365 1215 Iniquum
378 1178 537 1207 consilium
549 1177 632 1206 dedit
640 1177 784 1206 ilerodias
793 1176 896 1205 dicens
905 1174 974 1203 filiae

191 1234 252 1254 sure
268 1234 275 1253 :
293 1235 308 1252 «
330 1225 407 1254 Nihil
425 1225 510 1254 aliud
529 1227 633 1262 petas,
659 1224 715 1252 nisi
738 1226 828 1261 caput
853 1222 976 1252 Joannis

192 1273 480 1310 Baptistae.»n1auh.‚
495 1280 557 1308 xiv,
573 1274 601 1301 et
617 1273 704 1306 Mar„
719 1279 759 1299 vr.

229 1320 390 1349 Proconsul
413 1320 520 1349 Paulus
543 1331 557 1347 a
577 1319 767 1348 desiderabat
787 1318 891 1347 audire
909 1325 975 1346 ver-

192 1368 267 1396 bum
284 1368 350 1402 Dei,
364 1377 378 1394 ii
399 1367 482 1404 quod
498 1367 604 1396 Paulus
619 1369 647 1396 et
668 1366 819 1395 Barnabas
833 1365 976 1402 praedica-

194 1414 286 1451 bant;
310 1414 492 1443 “resistebat
515 1417 616 1443 autem
638 1414 696 1442 illis
720 1413 838 1450 Elymas
861 1414 976 1447 Magus,

194 1470 331 1498 quoerens
349 1465 481 1491 avertere
503 1461 712 1499 proconsulem
731 1469 749 1490 a
772 1461 843 1490 fide.
860 1470 874 1486 υ
900 1460 977 1495 Act„

194 1517 257 1545 xm,
275 1512 301 1545 7,
317 1511 344 1538 8.

230 1558 304 1585 Cum
327 1557 435 1585 Paulus
460 1559 488 1585 et
511 1556 660 1584 Barnabas
684 1557 780 1584 essent
806 1555 837 1583 in
861 1554 978 1582 civitate

194 1605 300 1640 Lystroe
324 1604 353 1632 in
377 1605 458 1633 tanto
486 1604 619 1640 honore,
647 1603 732 1640 quod
753 1602 811 1630 illis
835 1604 979 1637 tanquam

195 1651 252 1680 diis
275 1652 414 1680 homines
441 1652 607 1680 sacrificare
631 1651 804 1684 voluerunt;
834 1660 847 1674 «
876 1656 980 1684 super·

195 1700 339 1727 venerunt
367 1699 491 1735 quidam
514 1698 626 1733 Judaei,
654 1701 682 1726 et
709 1696 859 1734 persuasis
887 1695 980 1724 turbis

195 1746 421 1782 lapidantesque
446 1746 570 1774 Paulum
596 1747 747 1773 traxerunt
773 1746 855 1773 extra
878 1744 980 1771 eivIta·

197 1796 271 1828 tem,
295 1793 495 1821 existimantes
511 1800 579 1820 eum
599 1800 660 1820 esse
683 1794 845 1820 mortuum.
868 1800 881 1817 ι
904 1790 979 1824 Act„

196 1848 258 1874 xiv,
275 1842 317 1867 ¹8.

236 1886 396 1916 Occasione
424 1885 582 1922 cujusdam
609 1885 717 1922 puell-„e
745 1893 763 1913 a
788 1893 849 1921 qua
874 1883 981 1912 Paulus

198 1934 332 1971 spiritum
343 1933 509 1970 pythonem
521 1933 618 1969 ejecit,
629 1932 743 1960 domini
757 1932 836 1960 illius
847 1931 982 1959 dolentes

200 1983 237 2011 de
252 1982 361 2010 amisso
377 1984 506 2018 quaestu,
523 1983 563 2009 tot
579 1982 606 2008 et
622 1982 702 2008 tauta
718 1980 857 2008 dixerunt
871 1979 981 2013 magis-

199 2030 338 2065 tratibus,
354 2029 438 2065 quod
454 2029 585 2057 fecerunt
600 2028 724 2056 Paulum
741 2030 769 2056 et
783 2027 874 2055 Silam
890 2025 982 2062 virgis

201 2076 293 2113 ctedi,
309 2078 338 2105 et
352 2077 383 2105 in
397 2084 546 2105 carcerem
561 2075 647 2104 mitti.
664 2075 740 2109 Act„
754 2075 822 2109 xvr',
838 2075 883 2110 16,
899 2075 943 2101 24.

444 2168 590 2204 CAPUT
617 2169 741 2202 XXIX.

395 2244 432 2270 De
451 2241 582 2269 audiendo
600 2242 709 2268 verbum
730 2242 788 2268 Dei.

242 2324 256 2341 (ι
270 2317 369 2343 Aaron
393 2312 510 2341 loeutus
524 2312 578 2340 suit
592 2311 693 2339 omnia
708 2312 801 2340 verba
822 2319 889 2347 quae
905 2311 985 2339 dixe-

204 2364 250 2390 rat
264 2361 405 2390 Dominus
421 2359 460 2387 ad
476 2361 595 2395 Moysen
607 2380 615 2393 ,
631 2360 659 2386 et
673 2358 799 2386 eredidit
813 2358 910 2386 omnis
932 2367 986 2394 po-

203 2409 302 2447 puluS.
328 2408 551 2443 Audiet-untquc
573 2406 657 2442 quod
677 2405 821 2433 visitasset
844 2406 985 2433 Dominus

204 2456 353 2493 populum
366 2453 463 2488 lsrael,
480 2455 508 2482 et
521 2452 609 2490 proni
631 2451 841 2481 adoraverunt.
858 2462 872 2478 »
884 2452 983 2487 Enoch,

206 2511 247 2538 iv,
264 2504 308 2537 30,
325 2504 370 2530 31.

243 2550 318 2578 Dixit
331 2559 345 2576 (ι
357 2551 471 2585 Moyses
479 2554 581 2576 coram
592 2546 718 2574 Domino
730 2555 737 2574 ι
749 2547 821 2574 Eece
832 2545 886 2573 filii
898 2546 986 2574 lsrael

208 2605 268 2625 non
284 2605 330 2625 me
348 2596 484 2630 audiunt,
499 2597 527 2623 et
541 2593 697 2631 quomodo
713 2593 814 2622 audiet
827 2593 983 2622 l'haraoin

208 2644 309 2678 Eaeoil„
325 2651 365 2678 vi,
383 2645 426 2671 12.

224 2714 226 2717 .
245 2693 402 2720 Contentus
425 2690 556 2727 populus
571 2688 645 2718 dixit
659 2688 761 2725 Moysi,
778 2698 791 2714 (ι
807 2695 866 2716 una
890 2695 962 2717 voce
979 2697 986 2716 z

800 208 936 245 BIBLIA
956 208 1188 244 PAUPERUM.

1026 278 1132 308 Omnia
1149 279 1244 309 verba
1267 280 1397 317 Domini,
1419 288 1489 319 quai
1509 281 1629 311 loeutus
1647 281 1808 317 een-faeie-

1026 333 1104 354 mus.
1119 335 1134 354 1»
1150 327 1184 355 Et
1201 326 1294 364 paulo
1307 329 1375 364 post
1390 337 1398 357 ε
1417 337 1432 355 α
1445 329 1605 358 Assumens
1625 330 1741 366 Moyses
1751 337 1808 359 vo·

1026 374 1126 403 lumen
1142 374 1275 409 foederis,
1293 374 1366 412 legit
1389 376 1426 411 (a)
1451 375 1593 405 audiente
1611 376 1740 413 populo,
1754 376 1808 413 qui

1026 421 1166 450 dixerunt
1179 431 1187 451 :
1202 422 1320 458 Omnia,
1333 430 1400 459 quae
1408 422 1526 452 locutus
1540 425 1584 453 est
1597 423 1751 459 Dumium,
1765 422 1811 453 sa-

1027 469 1149 500 eiemus.
1163 481 1179 498 »
1195 471 1295 506 Est-od„
1310 478 1388 507 xxiv,
1402 472 1431 507 3,
1445 473 1474 500 7.

1062 517 1167 553 Eglon,
1182 526 1235 546 rex
1254 518 1353 553 Moab,
1373 527 1389 544 α
1408 518 1534 547 sedebat
1548 518 1579 547 in
1593 517 1696 547 aestivo
1709 524 1811 547 coena-

1028 564 1097 593 culo
1102 585 1113 600 ,
1128 564 1262 602 dixitque
1278 575 1293 592 ιι
1311 565 1351 593 ad
1365 572 1435 593 eum
1455 564 1560 594 Hahod
1575 565 1612 601 (b)
1627 573 1636 593 :
1653 574 1668 591 α
1679 564 1811 595 verbum

1029 611 1079 640 Dei
1091 611 1191 641 habeo
1201 611 1242 640 ad
1251 614 1289 640 te.
1301 611 1356 646 Qui
1367 613 1465 641 statim
1473 612 1600 641 surrexit
1610 611 1650 640 de
1664 611 1784 641 throno.
1791 621 1807 639 i·

1028 658 1110 688 Prius
1125 658 1205 696 enim
1219 658 1336 688 dixerat
1351 667 1359 688 ε
1379 669 1393 686 α
1404 659 1537 688 Verbum
1551 661 1697 688 secretum
1711 659 1810 688 habeo

1028 706 1069 736 ad
1082 708 1122 742 te,
1136 715 1155 736 0
1171 708 1242 736 Rex.
1255 706 1307 734 ille
1319 708 1420 735 autem
1432 714 1496 735 non
1514 714 1547 735 se
1560 706 1669 742 movit;
1686 706 1739 734 sed
1752 707 1811 735 sta-

1029 754 1081 782 tim
1095 761 1165 782 cum
1178 752 1324 782 addidit«
1336 752 1467 782 verbum
1481 753 1543 788 Dei,
1557 762 1572 780 n
1582 752 1633 782 ille
1648 752 1687 782 de
1701 753 1810 782 throno

1028 800 1165 835 surrexit,
1176 799 1262 836 quasi
1274 799 1473 829 reverentiam
1481 799 1627 829 ethbens
1639 799 1734 830 verbo
1748 799 1810 829 Dei.

1027 847 1120 875 Jude'c.
1135 847 1180 883 (ιτ),
1194 854 1297 882 xxxrx,
1314 848 1360 875 20.

1065 886 1141 922 Bene
1150 894 1252 922 docuit
1260 892 1428 923 Samuelem
1439 893 1512 927 Heli,
1522 894 1556 922 ut
1564 892 1675 922 diceret
1686 893 1812 922 Domino

1029 941 1165 978 loquenti
1178 940 1237 970 sibi
1251 949 1259 969 :
1276 950 1292 968 α
1305 941 1460 978 Loquere,
1475 940 1612 976 Domine,
1635 940 1707 977 quia
1729 939 1814 969 audit

1029 997 1132 1018 servus
1147 991 1224 1016 tuus.
1237 999 1251 1016 ι)
1268 989 1278 1017 1
1292 989 1374 1023 Req„
1389 995 1434 1022 ιιι,
1449 990 1476 1017 9.

1065 1035 1167 1064 Achab
1194 1044 1247 1064 rex
1275 1036 1363 1064 lsrael
1386 1035 1509 1064 nolebat
1535 1034 1641 1064 audire
1663 1035 1813 1065 Miehaeam

1030 1083 1208 1120 prophetam
1228 1083 1366 1117 Domini,
1387 1082 1459 1119 quia
1479 1090 1543 1111 non
1565 1082 1766 1118 prophetabat
1785 1083 1813 1111 ei

1030 1129 1163 1166 bonum,
1185 1130 1238 1158 sed
1261 1130 1386 1159 malum.
1407 1130 1534 1158 Vocatus
1558 1131 1658 1158 tamen
1680 1129 1812 1158 Michaeas

1031 1178 1107 1207 dixit
1132 1178 1160 1207 ei
1178 1187 1186 1207 z
1214 1188 1228 1206 α
1258 1178 1334 1207 Audi
1364 1185 1535 1207 sermonem
1559 1177 1696 1212 Domini,
1715 1187 1732 1204 i»
1757 1179 1812 1206 ete.

1031 1227 1064 1255 111
1079 1229 1156 1261 Rea„
1168 1234 1240 1261 1¹11,
1255 1227 1302 1254 19.

1067 1274 1174 1302 Esdras
1200 1273 1296 1302 attulit
1314 1272 1428 1302 librum
1449 1272 1542 1309 legis,
1561 1281 1576 1298 κ(
1589 1274 1617 1300 et
1630 1271 1702 1308 legit
1722 1272 1754 1301 in
1777 1280 1813 1301 eo

1032 1324 1131 1358 aperte
1147 1321 1185 1350 de
1199 1329 1287 1349 mane
1301 1328 1397 1357 usque
1418 1319 1458 1350 ad
1470 1319 1602 1348 mediam
1617 1319 1709 1354 diem,
1722 1321 1750 1348 et
1763 1327 1815 1348 au-

1032 1377 1078 1398 res
1093 1371 1190 1397 omnis
1203 1369 1242 1405 (ti)
1257 1368 1363 1405 populi
1384 1369 1469 1396 erant
1483 1368 1585 1395 erectae
1599 1366 1639 1395 ad
1659 1367 1781 1395 librum.
1797 1376 1812 1393 i·

1033 1417 1066 1444 Et
1079 1416 1172 1452 paulo
1190 1416 1280 1452 post:
1298 1415 1429 1444 «Flebat
1452 1415 1551 1443 omnis
1574 1414 1723 1451 populuS,
1747 1421 1815 1442 cum

1033 1463 1150 1492 audiret
1163 1463 1256 1492 verba
1270 1463 1356 1499 legis.
1369 1472 1385 1490 υ
1403 1463 1424 1491 11
1439 1462 1532 1496 Εεᾱν.,
1547 1469 1611 1496 vni,
1627 1464 1655 1497 3,
1672 1464 1699 1490 9.

1072 1519 1086 1537 «
1100 1510 1295 1547 Respondeas
1308 1510 1364 1539 Ι10])
1380 1509 1507 1538 Domino
1530 1509 1605 1537 dixit
1619 1518 1625 1537 :
1641 1508 1751 1537 Auditu
1765 1515 1817 1536 au-

1033 1557 1074 1586 ris
1089 1558 1190 1586 audivi
1202 1561 1226 1586 te
1234 1566 1243 1593 ;
1259 1565 1340 1586 nunc
1355 1560 1454 1585 autem
1467 1556 1573 1585 oculus
1587 1564 1672 1585 meus
1683 1555 1765 1584 videt
1778 1557 1815 1584 te.

1035 1606 1148 1634 idcireo
1169 1606 1231 1642 ipse
1257 1613 1305 1634 me
1323 1605 1528 1642 reprehendo,
1548 1606 1577 1633 ct
1597 1612 1654 1640 ago
1674 1604 1818 1641 poeniten-

1035 1653 1107 1682 tiam
1122 1653 1153 1680 in
1165 1653 1268 1681 favilla
1283 1655 1310 1681 et
1323 1653 1432 1681 cinere.
1448 1661 1463 1679 iv
1479 1653 1538 1687 Job,
1554 1660 1623 1685 xm,
1637 1653 1665 1686 1,
1681 1653 1708 1686 5,
1723 1652 1750 1680 (i.

1071 1701 1192 1728 Factum
1213 1702 1256 1728 est
1274 1700 1402 1728 verbum
1423 1699 1539 1727 Domini
1559 1699 1598 1726 ad
1617 1698 1792 1726 Hieremiam
1808 1706 1816 1724 :

1038 1758 1052 1774 a
1067 1747 1130 1776 Noli
1145 1746 1319 1775 subtrahere
1340 1747 1484 1781 verbum,
1500 1745 1524 1773 si
1540 1745 1613 1773 i'ortc
1629 1744 1771 1779 audiant,
1788 1746 1818 1772 et

1036 1795 1226 1821 convertatur
1247 1793 1453 1828 unusquisque
1467 1800 1486 1820 a
1507 1791 1556 1820 via
1569 1799 1624 1820 sua
1637 1790 1719 1819 mala
1731 1799 1739 1819 ε
1761 1801 1776 1817 »
1790 1792 1819 1819 et

1036 1840 1177 1877 poeniteat
1199 1849 1214 1866 «
1238 1847 1286 1867 nie
1316 1838 1387 1867 mali
1417 1838 1503 1876 quod
1527 1838 1627 1874 cogito
1654 1837 1749 1865 faeere
1777 1837 1819 1865 eis

1036 1889 1157 1923 propter
1185 1886 1331 1915 malitiam
1359 1885 1529 1915 studiorum
1556 1892 1672 1914 eorum.
1689 1895 1704 1911 ι)
1727 1886 1817 1917 Hier„

1037 1942 1117 1968 xxvr,
1132 1935 1189 1961 9.-3.

1074 1981 1148 2009 Dixit
1164 1980 1306 2009 Dominus
1320 1978 1463 2008 Ezechieli
1480 1988 1487 2008 ε
1507 1989 1522 2006 a
1535 1978 1616 2007 Vade
1634 1978 1675 2007 ad
1693 1978 1819 2006 domum

1037 2028 1125 2057 lsrael
1140 2030 1167 2056 et
1180 2027 1311 2064 loqueris
1326 2027 1420 2054 vei-ba
1434 2034 1502 2054 mea
1513 2026 1551 2053 ad
1563 2033 1624 2053 eos.
1634 2035 1648 2052 i)
1661 2025 1816 2061 Sequitur:

1042 2086 1055 2101 ιι
1070 2077 1180 2103 Domus
1191 2078 1290 2103 autem
1305 2074 1396 2103 lsrael
1411 2073 1517 2101 nolunt
1528 2072 1562 2109 (e)
1576 2072 1681 2101 audire
1694 2074 1733 2107 te,
1748 2071 1820 2109 quia

1038 2123 1145 2151 nolunt
1159 2122 1263 2150 audire
1279 2129 1336 2150 me.
1352 2131 1366 2148 »i
1386 2121 1497 2156 Ezech„
1513 2128 1555 2155 ιιι,
1570 2121 1599 2153 ό,
1613 2122 1640 2147 7.

1078 2180 1091 2196 α
1107 2170 1235 2198 Verbum
1245 2179 1258 2197 n
1271 2171 1352 2198 Jonae
1366 2168 1525 2205 «pervenit
1539 2167 1578 2195 ad
1592 2173 1693 2202 regem
1706 2166 1819 2200 Ninive,

1040 2220 1067 2245 et
1082 2217 1207 2245 surrexit
1222 2216 1259 2245 de
1273 2216 1350 2244 solio
1364 2223 1432 2250 suo,
1448 2216 1477 2243 et
1490 2214 1599 2249 abjecit
1613 2212 1819 2241 vestimentum

1040 2272 1128 2292 suum
1141 2272 1160 2292 a
1174 2272 1216 2298 se,
1232 2265 1261 2292 et
1279 2263 1402 2291 indutus
1419 2262 1462 2290 est
1484 2269 1589 2296 saeco,
1603 2262 1632 2289 et
1644 2259 1720 2289 sedit
1733 2259 1763 2287 in
1778 2258 1819 2287 ei-

1040 2319 1120 2340 nerc.
1135 2321 1148 2337 n
1165 2312 1240 2345 Jon„
1256 2318 1287 2345 n,
1304 2311 1331 2338 G.

1080 2368 1094 2385 α
1111 2357 1240 2386 Herodes
1259 2368 1272 2383 n
1295 2356 1451 2385 'tetrarcha
1473 2365 1487 2382 α
1507 2355 1658 2383 metuebat
1676 2356 1818 2383 loannem

1041 2406 1220 2441 Baptistam,
1249 2406 1277 2432 ct
1300 2403 1487 2432 custodiebat
1508 2411 1597 2437 euni,
1611 2405 1639 2430 et
1657 2401 1760 2429 audito
1782 2408 1818 2428 eo

1041 2452 1168 2480 faciebat
1195 2451 1305 2485 multa,
1326 2452 1355 2478 et
1377 2450 1502 2479 libenter
1529 2456 1598 2478 eum
1627 2447 1778 2477 audiebat.
1802 2458 1816 2474 »

1041 2499 1128 2527 Marc.
1145 2500 1191 2535 (f).
1208 2506 1249 2532 vi,
1264 2500 1309 2526 20.

1082 2556 1095 2572 α
1109 2546 1224 2576 Maria»
1237 2553 1322 2573 soror
1342 2543 1459 2573 Marthoe
1471 2553 1485 2570 a
1503 2541 1610 2571 sedens
1623 2549 1708 2570 secus
1728 2541 1821 2578 pedes

1076 2621 1111 2652 (a)
1127 2621 1188 2645 Coet.
1208 2619 1269 2643 edit.
1285 2619 1357 2651 legis.
1372 2631 1403 2636 —
1426 2617 1459 2649 (b)
1484 2616 1558 2647 Γαίᾳ.
1578 2617 1642 2641 Aod.
1661 2629 1690 2635 —
1709 2616 1740 2648 (c)
1758 2617 1820 2641 caet.

1044 2657 1103 2681 edit.
1119 2655 1206 2683 ,Iudith
1229 2669 1259 2674 -—
1275 2655 1315 2685 (fl)
1331 2656 1393 2679 Item
1407 2655 1511 2679 Omnes.
1525 2665 1555 2671 —
1572 2652 1602 2684 (e)
1619 2653 1680 2677 Coee.
1701 2652 1761 2678 edit.
1772 2658 1819 2676 no-

1044 2693 1097 2717 luit.
1110 2705 1138 2710 —-
1156 2693 1191 2723 (s)
1205 2693 1267 2716 item
1281 2691 1371 2717 Mami.
