2004 3037
490 184 541 217 DE
562 183 756 217 OPERIBUS
778 181 1020 215 CONDtTon-ts.
1045 180 1131 212 CAP.
1154 179 1396 212 XLVI-XLVIII.

388 298 531 332 CAPUT
553 297 670 331 XLVI.

281 371 316 398 De
334 369 470 398 Intellecta
489 370 590 403 agente,
612 369 636 396 et
651 367 785 403 possibili.

180 440 262 467 Nunc
276 438 313 466 de
326 437 472 466 intellectu
485 437 590 472 agente
606 437 634 464 et
647 435 782 472 possibili
805 434 918 471 specia—

145 485 211 513 liter
225 487 267 512 est
281 483 450 512 dicendum.
464 483 630 511 Intellectus
649 482 737 518 igitur
751 489 842 517 agens
857 483 918 516 est,

146 531 197 567 qui
224 529 366 559 abstrahit
393 529 505 566 species
530 529 568 556 ab
594 528 804 564 imaginatione
823 548 832 561 ,
858 527 919 555 sive

145 577 310 614 phantasia,
327 578 355 604 et
368 584 422 604 sua
437 575 626 603 irradiatione
641 574 710 602 facit
725 573 918 608 universales,

146 631 180 652 ac
194 623 277 660 ponit
300 622 391 650 resin
411 622 560 650 intellectu
580 621 725 656 possibili.
750 623 822 649 Nam
846 620 921 647 sicut

146 670 185 698 ad
199 669 296 698 visum
314 669 500 705 corporalem
524 668 649 703 exigitur
672 668 723 695 lux
747 667 920 695 abstrahens

146 716 325 744 intentiones*
349 714 484 743 colorum
499 736 509 750 ,
537 715 569 742 id
599 716 641 742 est
667 714 874 742 similitudines
903 721 921 741 a

146 763 277 791 colorato
291 783 300 797 ‚
321 764 349 790 et
370 762 455 798 ponit
481 769 530 789 eas
554 761 586 788 in
609 769 687 796 aere,
708 768 769 788 non
797 760 921 796 quidem

146 808 310 837 secundum
329 808 484 836 essentiam
496 829 504 842 ,
531 807 583 834 sed
602 807 766 835 secundum
789 807 921 835 intentio<

146 863 226 890 nem,
240 855 272 883 id
286 857 328 882 est
341 854 563 882 similitudinem
570 863 578 888 ς
591 853 630 881 sic
641 853 803 881 intellectus
818 861 920 888 agens,

147 901 198 937 qui
213 903 256 929 est
273 901 325 929 lux
340 901 445 928 animae
455 921 465 935 ‚
486 900 570 936 ponit
591 900 701 935 species
721 900 880 927 abstractas
905 908 923 927 a

146 947 301 983 phantasia
320 947 351 974 in
373 947 523 974 intellectu
548 946 684 982 possibili
706 954 768 974 non
798 946 922 982 quidem

147 993 308 1028 actualiter,
331 993 384 1020 sed
406 992 570 1020 secundum
594 992 806 1025 intentionem,
829 992 861 1019 id
881 994 923 1020 est

147 1039 380 1068 similitudinem.
403 1039 498 1072 Quare
519 1040 617 1066 autem
638 1038 713 1066 inter
736 1038 922 1073 imaginatio-

147 1095 216 1115 nem
236 1088 264 1115 et
283 1087 463 1114 intellectum
477 1086 651 1122 possibilem
666 1086 702 1113 sit
716 1085 848 1121 potentia
861 1094 923 1113 me-

148 1133 215 1168 dia,
236 1142 302 1169 quae
324 1133 484 1167 abstrahit,
503 1133 612 1160 scilicet
634 1132 798 1160 intellectus
817 1140 922 1167 agens,

148 1180 201 1207 sed
221 1180 295 1208 inter
311 1187 430 1207 sensum
454 1187 644 1207 communem
659 1200 666 1214 ‚
690 1181 718 1206 et
736 1179 923 1213 imaginatio-

149 1234 233 1261 nem,
248 1234 310 1254 non
329 1226 365 1254 sit
379 1226 511 1262 potentia
526 1226 626 1253 media
636 1247 645 1260 ,
670 1233 736 1260 quae
752 1224 903 1253 abstrahat
917 1234 923 1252 :

148 1273 236 1308 hujus
266 1273 341 1300 ratio
369 1275 427 1306 est,
461 1272 531 1308 quia
567 1280 669 1300 sensus
702 1272 868 1299 communis
897 1274 925 1299 et

149 1318 319 1354 imaginatio
352 1320 419 1345 sunt
455 1318 589 1353 ejusdem
621 1318 727 1346 animae
757 1318 894 1353 potentiae
915 1340 923 1353 ,

149 1364 259 1392 scilicet
276 1364 381 1392 animae
396 1364 542 1392 sensibilis
551 1374 559 1399 3
583 1364 635 1392 sed
650 1364 822 1399 imaginatio
837 1366 865 1391 et
880 1364 925 1392 in—

151 1411 280 1438 tellectus
297 1411 446 1446 possibilis
461 1419 522 1438 non
540 1413 606 1438 sunt
633 1411 771 1446 potentias
792 1410 924 1446 ejusdem

151 1457 277 1492 speciei,
302 1457 445 1492 quoniam
473 1457 565 1484 altera
589 1459 631 1484 est
663 1458 793 1492 potentia
819 1457 925 1485 animae

152 1503 312 1537 sensibilis,
339 1503 431 1530 altera
452 1503 557 1530 animae
577 1502 738 1530 rationalis
759 1503 925 1531 Intellectus

151 1551 250 1576 autem
272 1549 422 1584 possibilis
446 1549 562 1582 dicitur,
587 1549 658 1584 quia
676 1551 772 1584 potest
795 1549 925 1585 recipere

152 1595 224 1622 tales
247 1595 372 1631 species,
393 1595 446 1622 sed
466 1595 602 1623 nondum
624 1596 734 1631 recepit
752 1604 818 1631 eae,
844 1597 926 1631 cujus

154 1641 320 1677 exemplum
335 1644 378 1669 est
390 1641 492 1669 tabula
505 1641 588 1669 nuda
603 1642 717 1670 nullam
733 1642 848 1670 habens
864 1642 927 1677 pic-

151 1689 257 1721 turam,
268 1689 364 1723 potest
378 1689 476 1715 tamen
487 1688 598 1716 habere
609 1696 839 1724 quamcumque.
852 1689 925 1717 Sane

152 1741 220 1761 cum
230 1733 393 1761 intellectus
407 1734 556 1770 possibilis
566 1734 636 1762 tales
648 1734 760 1770 species
774 1725 925 1770 receperit,

152 1782 236 1814 tunc,
256 1780 330 1807 sicut
351 1780 444 1808 habes
467 1788 557 1816 supra
579 1786 600 1815 ¹,
620 1783 744 1809 vocatur
765 1781 927 1808 intellectus

153 1826 183 1853 in
198 1825 302 1853 effectu
312 1847 322 1861 ,
337 1826 386 1854 vel
405 1826 436 1854 in
448 1826 551 1854 habitu
569 1835 575 1854 :
593 1835 662 1854 cum
681 1834 752 1855 vero
767 1827 928 1855 illustratur

153 1872 339 1900 multitudine
365 1873 530 1908 specierum
564 1873 768 1907 sensibilium,
791 1874 859 1901 tunc
886 1875 929 1901 est

153 1918 316 1946 intellectus
330 1918 464 1954 adeptus.
481 1919 609 1953 Qualiter
628 1921 726 1947 autem
742 1920 802 1948 istae
816 1920 928 1955 species

154 1966 326 1992 remaneant
348 1964 379 1992 in
397 1965 547 1993 intellectu
563 1965 715 2000 possibili,
731 1965 780 1994 vel
803 1965 929 2001 qualiter

155 2011 194 2038 ad
213 2019 261 2038 eas
275 2011 327 2038 fiat
341 2019 394 2045 per
408 2011 657 2039 reminiscentiam
669 2011 835 2045 conversio,
846 2014 873 2039 et
884 2020 929 2040 re-

154 2056 262 2091 versio,
270 2056 363 2084 habes
372 2064 462 2092 supra
469 2057 492 2090 ²,
502 2057 533 2084 in
547 2057 641 2092 capite
656 2057 689 2084 de
699 2059 838 2085 Memoria.

190 2105 280 2131 Porro
296 2103 459 2131 intellectus
474 2111 580 2139 agens,
605 2105 633 2130 et
652 2104 803 2138 possibilis
815 2125 824 2138 ,
848 2104 929 2131 diffe-

155 2151 223 2177 runt
237 2150 311 2177 sicut
322 2150 373 2177 lux
386 2151 414 2177 et
424 2149 624 2177 illuminatum
633 2170 642 2183 ,
653 2151 680 2177 et
691 2149 763 2177 sicut
773 2150 929 2185 perficiens

157 2197 184 2223 et
201 2195 382 2231 perfectibile
396 2205 402 2222 :
424 2196 509 2231 quia,
529 2197 562 2223 ut
580 2195 620 2222 ait
633 2195 828 2231 Philosophus
843 2197 862 2230 ³,
886 2197 930 2223 in-

156 2242 287 2270 tellectus
301 2242 414 2277 agentis
429 2244 471 2270 est
486 2242 587 2270 omnia
601 2241 708 2276 facere,
726 2245 753 2270 et
767 2242 930 2270 intellectus

157 2288 306 2324 possibilis
325 2290 367 2315 est
385 2289 487 2316 omnia
505 2288 578 2316 fieri.
603 2290 634 2316 Et
654 2290 685 2315 ut
706 2289 822 2324 plenius
845 2289 930 2316 inno-

157 2335 265 2368 tescat,
280 2334 462 2367 notandum,
476 2335 559 2370 quod
571 2335 645 2362 sicut
657 2335 696 2362 ad
710 2335 766 2362 hoc
782 2335 864 2370 quod
878 2343 931 2370 per

158 2379 311 2414 speculum
321 2380 436 2415 aliquid
449 2380 594 2414 videatur,
609 2381 663 2408 tria
675 2384 742 2408 sunt
756 2382 929 2416 necessaria,

158 2426 267 2454 scilicet
287 2426 440 2461 speculum
463 2426 546 2462 quod
561 2429 663 2463 aptum
678 2429 780 2455 natum
795 2430 837 2455 est
858 2428 930 2455 reci-

159 2478 229 2506 pere
243 2472 469 2507 impressionem
483 2480 643 2508 corporum
659 2474 862 2508 objectorum,
883 2482 932 2501 co-

159 2515 206 2543 lor
232 2517 320 2545 etiam
339 2518 370 2545 in
390 2518 565 2554 corporibus
587 2519 728 2554 objectis,
753 2522 780 2548 et
802 2520 854 2548 lux
872 2529 932 2556 qua

194 2579 202 2595 ¹
217 2579 272 2602 Vid.
287 2587 355 2612 sup.‚
369 2588 427 2611 pag.
446 2583 497 2609 109,
513 2582 561 2605 col.
574 2584 628 2606 2.-
639 2583 931 2614 =Vid.sup.,par.7.107,

163 2613 212 2637 col.
223 2615 275 2637 2.—
287 2615 390 2648 ⁵Arist.,
403 2617 433 2640 (Ie
448 2618 542 2649 Aniqz„
557 2617 600 2641 lib.
618 2618 659 2648 tlt,
677 2625 699 2642 c.
715 2624 739 2641 ν.

1690 177 1744 210 111

974 249 1130 277 moveatur
1149 247 1233 276 color
1249 249 1278 275 et
1296 247 1409 283 species
1433 253 1593 284 corporum
1617 245 1749 280 objecto·

974 302 1052 329 rum,
1063 301 1129 331 quae
1136 294 1198 321 sine
1209 293 1328 322 luminis
1340 293 1466 328 intluxu,
1475 295 1750 330 quantumcumque

975 341 1162 377 objiciantur,
1174 348 1234 368 non
1249 341 1511 377 suntreccptibiles
1527 349 1544 368 a
1558 339 1678 376 speculo
1687 349 1694 374 ;
1709 339 1750 367 sic

975 387 1109 415 similiter
1123 387 1162 415 ad
1176 387 1233 415 hoc
1243 408 1252 422 ‚
1269 388 1301 414 ut
1314 387 1428 423 aliquid
1443 387 1474 414 in
1488 387 1635 414 intellectu
1651 385 1752 413 videa-

976 441 1054 468 mus,
1069 435 1184 470 oportet
1199 433 1281 469 quod
1296 433 1332 460 sit
1345 433 1509 461 intellectus
1524 432 1684 468 possibilis,
1699 431 1750 467 qui

976 482 1062 516 aptus
1070 483 1156 508 natus
1165 482 1208 508 est
1220 480 1349 516 recipere
1360 480 1482 516 species,
1494 477 1751 515 quemadmodum

977 526 1088 554 dictum
1103 528 1145 555 est
1159 526 1195 554 de
1211 525 1346 562 speculo,
1363 527 1479 561 oportet
1494 525 1582 553 etiam
1597 523 1679 560 quod
1695 524 1752 552 sint

976 572 1087 608 species
1102 572 1259 609 speculatae
1270 572 1351 608 apud
1364 572 1546 600 intellectum
1560 570 1732 608 possibilem
1741 591 1751 605 ‚

978 619 1030 656 qui
1044 618 1134 647 habet
1148 619 1227 655 ipsas
1242 618 1272 646 in
1287 619 1389 646 habitu
1400 639 1408 653 ,
1431 626 1499 645 cum
1518 618 1554 645 sit
1576 617 1660 645 locus
1683 625 1750 652 spe-

977 665 1090 694 cierum
1103 665 1326 693 universalium.
1343 664 1400 692 Sed
1414 665 1487 692 sicut
1502 664 1584 692 color
1598 664 1629 691 in
1644 670 1751 698 corpo-

977 719 1009 740 re
1023 720 1086 740 non
1099 713 1246 746 movetur,
1260 719 1314 738 nec
1329 710 1441 746 species
1451 731 1460 745 ,
1475 710 1531 737 nisi
1546 709 1694 737 mediante
1708 708 1752 737 lu-

977 758 1056 786 mine
1070 758 1278 794 imprimantur
1293 757 1323 785 in
1338 757 1475 793 speculo,
1492 757 1532 784 sic
1547 764 1601 784 nec
1616 756 1753 791 phantas-

977 807 1057 833 mata
1076 807 1161 833 erunt
1183 807 1250 833 actu
1274 804 1485 840 intelligibilia,
1509 803 1565 831 nisi
1590 803 1753 831 intellectus

977 859 1067 887 agens
1081 851 1218 886 irradiet,
1237 853 1266 879 et
1285 851 1433 879 diffundat
1449 858 1538 886 super
1558 858 1627 877 eum
1652 849 1753 877 lumen

977 906 1075 933 suum,
1090 898 1165 925 siout
1176 898 1228 925 lux
1242 906 1333 934 super
1348 897 1474 932 coloreS,
1485 899 1518 925 ut
1532 897 1573 925 sic
1587 896 1753 925 secundum

978 946 1076 973 actum
1090 944 1290 979 intelligibilia
1305 944 1479 972 efficiantur.

1215 1039 1357 1073 CAPUT
1381 1039 1515 1072 XLVII.

1074 1113 1110 1138 De
1129 1111 1269 1138 Intellecta
1287 1111 1461 1145 speculativo,
1483 1112 1506 1136 et
1522 1111 1655 1144 practico.

1014 1179 1151 1218 Sequitur
1161 1179 1197 1206 de
1210 1178 1358 1206 intellectu
1369 1177 1563 1213 speculativo,
1576 1178 1604 1204 et
1611 1176 1751 1212 practico,

980 1226 1032 1262 qui
1047 1226 1137 1254 ambo
1152 1225 1182 1252 in
1202 1225 1371 1260 cognitione
1387 1223 1560 1258 consistunt3
1577 1222 1629 1250 sed
1650 1223 1680 1250 in
1696 1223 1753 1250 hoc

980 1273 1138 1306 differunt,
1154 1271 1236 1307 quod
1251 1271 1413 1298 intellectus
1428 1269 1626 1306 speculativus
1642 1277 1753 1304 cogno-

979 1318 1032 1347 scit
1053 1326 1158 1346 verunt
1181 1318 1211 1345 in
1237 1317 1350 1344 ratione
1374 1317 1454 1351 veri,
1479 1316 1624 1352 practicus
1656 1317 1755 1343 autem

981 1365 1129 1400 cognoscit
1140 1372 1244 1391 verum
1254 1364 1284 1391 in
1293 1363 1407 1391 ratione
1416 1363 1498 1390 boni.
1513 1364 1583 1390 Item
1594 1361 1755 1389 intellectus

980 1411 1179 1448 speculativus
1193 1412 1316 1438 vocatur
1338 1409 1467 1444 cognitio
1483 1409 1685 1444 speculativa,
1703 1407 1755 1434 sed

980 1457 1126 1494 practicus
1145 1457 1252 1484 dicitur
1275 1456 1404 1491 cognitio
1428 1455 1573 1482 affectiva.
1598 1456 1669 1482 Item
1689 1453 1756 1481 finis

980 1502 1154 1539 speculativi
1176 1505 1218 1530 est
1231 1505 1336 1529 verum
1347 1512 1354 1537 3
1380 1502 1447 1528 finis
1463 1503 1561 1528 autem
1576 1501 1696 1536 practici
1715 1502 1757 1528 est

983 1558 1067 1586 opus.
1084 1551 1154 1577 Item
1164 1557 1217 1585 per
1228 1548 1442 1584 speculativum
1456 1547 1648 1583 intelligimus
1662 1549 1754 1582 recle;

982 1597 1035 1624 sed
1059 1604 1112 1632 per
1137 1595 1301 1632 practicum
1324 1596 1400 1622 recte
1424 1594 1562 1621 vivimus.
1592 1594 1756 1621 Intellectus

981 1643 1127 1679 practicus
1150 1644 1270 1670 vocatur
1296 1641 1486 1677 operativus,
1513 1640 1584 1676 quia
1609 1640 1716 1667 dicitur
1740 1647 1758 1667 a

980 1689 1080 1725 praxi,
1097 1688 1180 1724 quod
1194 1690 1236 1716 est
1251 1688 1394 1723 operatio.
1411 1688 1481 1714 Item
1493 1686 1657 1714 intellectus
1671 1694 1756 1721 prac-

981 1735 1055 1763 ticus
1070 1734 1211 1762 dividitur
1225 1734 1256 1762 in
1271 1734 1434 1768 rationem,
1452 1735 1480 1760 et
1494 1733 1688 1768 synderesim.
1705 1734 1758 1760 Ra-

982 1782 1023 1809 tio
1046 1784 1146 1810 autem
1165 1780 1307 1808 dividitur
1330 1780 1361 1807 in
1380 1782 1494 1816 partem
1510 1779 1693 1815 superiorem
1705 1799 1714 1814 ,
1731 1781 1758 1806 et

982 1829 1153 1857 inferiorem
1169 1836 1176 1855 z
1193 1827 1230 1855 de
1246 1826 1354 1863 quibus
1374 1834 1428 1862 per
1442 1825 1579 1854 ordinem
1601 1827 1643 1853 est
1657 1825 1757 1853 dieen-

984 1875 1066 1903 dum.

1213 1925 1355 1959 CAPUT
1379 1925 1514 1958 XLVIII
1518 1951 1525 1958 .

1144 1997 1180 2022 De
1199 1996 1322 2026 Ratione,
1344 1996 1368 2021 et
1387 1994 1512 2028 partibus
1533 1993 1596 2027 ejus.

1020 2063 1102 2091 ilatio
1117 2063 1160 2089 est
1170 2062 1215 2089 vis
1228 2061 1333 2089 animae
1345 2068 1406 2087 non
1421 2060 1517 2087 solum
1532 2059 1691 2093 cognitiva,
1705 2059 1759 2087 sed

985 2110 1073 2137 etiam
1085 2108 1205 2136 motiva.
1222 2107 1304 2134 Ratio
1318 2108 1425 2140 autem,
1442 2105 1631 2140 cumjudicat
1645 2105 1758 2141 aliquid

985 2163 1046 2183 esse
1061 2155 1176 2183 bonum
1186 2174 1195 2187 ‚
1211 2153 1259 2181 vel
1272 2152 1402 2185 malum,
1419 2153 1447 2179 et
1462 2151 1504 2178 ibi
1519 2151 1610 2185 sistit,
1625 2153 1694 2179 tunc
1711 2151 1758 2179 di-

985 2202 1059 2229 citur
1073 2199 1232 2236 cognitiva.
1254 2199 1282 2226 Si
1302 2200 1401 2226 autem
1421 2197 1555 2233 procedit
1569 2198 1697 2234 amplius
1708 2219 1716 2232 ,
1733 2199 1760 2226 et

982 2247 1097 2283 judicat
1112 2254 1173 2274 esse
1188 2246 1317 2279 bonum,
1334 2246 1366 2272 ut
1379 2244 1445 2278 fiat,
1459 2244 1500 2272 sic
1517 2244 1622 2272 dicitur
1637 2244 1757 2272 motiva.

984 2294 1012 2321 Si
1027 2301 1096 2321 vero
1115 2292 1212 2320 adhuc
1231 2291 1353 2319 ulterius
1372 2291 1525 2326 procedit,
1540 2292 1572 2318 ut
1586 2299 1647 2318 non
1662 2290 1759 2318 solum

983 2340 1094 2375 judicet
1107 2347 1169 2367 esse
1187 2339 1301 2366 bonum
1315 2340 1347 2365 ut
1360 2337 1411 2364 fiat
1421 2358 1429 2371 ,
1450 2337 1502 2364 sed
1517 2337 1604 2364 etiam
1623 2337 1655 2364 id
1669 2344 1759 2372 appe-

985 2389 1026 2414 tat
1039 2386 1088 2422 (α),
1106 2386 1146 2413 sic
1162 2385 1274 2418 dicitur,
1288 2384 1416 2411 liberum
1431 2383 1585 2411 arbitrium
1600 2383 1760 2419 :quoniam

985 2433 1114 2461 liberum
1122 2431 1276 2459 arbitrium
1287 2430 1662 2466 comprehenditrationem
1673 2431 1700 2456 et
1711 2437 1762 2456 vo-

986 2480 1139 2508 luntatem.
1150 2477 1234 2506 Ratio
1243 2479 1351 2510 autem,
1363 2478 1451 2512 prout
1459 2484 1488 2503 se
1499 2476 1588 2503 habet
1598 2475 1636 2502 ad
1647 2475 1762 2502 bonum

986 2525 1162 2561 particulare
1173 2544 1181 2558 ,
1198 2523 1339 2550 dividitur
1354 2523 1384 2549 in
1397 2525 1511 2558 partem
1525 2522 1724 2557 superiorem,
1736 2523 1764 2548 et

987 2572 1168 2599 inferiorem.
1184 2570 1322 2605 Superior
1336 2577 1404 2605 pars
1419 2569 1527 2596 divinis
1541 2576 1575 2595 ac
1589 2567 1704 2595 aeternis
1716 2568 1761 2594 iu·

1020 2624 1052 2654 (a)
1071 2624 1130 2647 caet.
1146 2621 1206 2645 edet.
1222 2621 1325 2651 appetit,
