2004 3037
208 266 267 297 396

207 330 345 360 nonnulli
359 329 412 365 qui
431 327 648 365 plenitudinem
670 327 797 356 scientiae
815 326 982 364 accipiunt,

207 379 240 407 ut
262 376 421 406 Cherubim
440 374 506 410 jure
529 374 734 409 nominentur,
749 373 802 410 qui
825 373 984 402 dilectione

201 422 259 453 'Dei
270 425 298 453 et
310 422 440 460 proximi
453 421 534 459 pleni
548 422 615 450 sunt
628 429 635 448 :
649 420 681 448 hi
696 422 806 449 sortem
820 419 984 448 mansionis

208 479 269 500 suae
290 470 365 499 inter
385 468 546 498 Cherubim
568 467 745 504 percipiunt.
762 468 795 495 Et
817 469 885 495 sunt
906 474 985 495 non—

200 516 283 546 ‘nulli
297 516 361 553 qui,
377 523 512 553 supernoe
531 513 789 551 contemplationis
807 512 924 542 facibus
938 520 987 541 ac-

209 563 305 600 censi,
317 564 349 591 in
357 562 423 592 solo
439 561 606 591 conditoris
617 561 663 589 sui
673 560 822 589 desiderio
835 559 986 595 anhelant,

208 610 283 639 nihil
293 611 357 646 jam
367 609 399 638 in
411 609 469 638 hoc
482 608 597 637 mundo
611 608 745 644 sapiunt,
759 607 813 636 sed
827 607 892 636 solo
905 609 988 635 aeter-

209 657 307 686 nitatis
322 664 424 685 amore
445 656 622 692 pascuntur,
643 656 761 683 terrena
774 662 900 691 quaeque
915 652 989 690 abji-

210 704 305 740 ciunt,
319 705 424 732 cuncta
443 702 621 739 temporalia
638 703 738 730 mente
755 700 988 736 transcendunt,

211 752 312 780 amant
325 752 353 780 et
363 750 483 784 ardent,
497 750 587 786 atque
600 749 632 777 in
648 756 703 777 suo
724 748 832 777 ardore
851 747 988 784 requies-

212 799 298 834 cunt,
313 797 444 827 amando
467 796 588 831 ardent,
606 795 762 832 loquendo
785 794 860 824 alios
883 801 989 823 accen-

212 845 301 881 dunt,
316 846 345 873 et
357 852 434 881 quos
446 843 601 880 loquendo
616 843 760 878 tangunt,
777 841 883 871 ardere
899 841 991 878 proti-

211 900 269 920 nus
282 892 314 920 in
327 891 377 920 Dei
391 898 493 919 amore
508 889 620 918 faciunt
633 898 640 917 :
663 888 738 925 quid
761 895 833 924 ergo
848 887 919 916 istos
934 887 992 915 nisi

213 938 367 975 Seraphim
381 937 521 969 dixerim,
533 938 562 964 et
574 944 650 972 quo,
665 935 722 963 nisi
736 935 811 963 inter
825 934 990 971 Seraphim,

213 985 376 1014 mansionis
390 992 449 1012 suae
467 985 576 1012 sortem
592 982 741 1019 accipiunt
751 982 766 1009 ‘t
780 992 794 1009 ι)
809 981 946 1018 Sequitur
958 981 966 997 ¹
983 989 990 1008 :

218 1042 232 1059 «
245 1033 290 1060 Ad
303 1031 357 1060 hos
372 1039 443 1067 ergo
459 1030 558 1065 vicos,
573 1031 605 1058 ut
619 1029 650 1057 in
666 1029 707 1057 eis
721 1029 784 1056 sine
798 1028 858 1056 fine
872 1035 991 1064 perma-

214 1081 314 1114 neant,
325 1078 454 1112 venient,
465 1077 518 1114 qui
533 1077 671 1111 modum,
683 1084 775 1112 quem
786 1075 992 1112 praediximus,

214 1126 246 1154 in
259 1126 317 1154 hoc
331 1124 438 1153 saeculo
452 1132 508 1160 pro
523 1132 612 1160 posse
628 1131 682 1151 suo
698 1125 805 1151 tenent.
822 1133 837 1149 n
853 1123 917 1150 llaec
930 1121 991 1149 ille.

216 1175 248 1201 Et
271 1172 317 1200 his
345 1171 508 1200 concordat
535 1171 730 1207 Hieronymus
750 1191 758 1205 ,
787 1169 839 1205 qui
869 1168 939 1196 dicit
957 1169 969 1185 ²
986 1177 992 1196 :

219 1230 233 1245 α
247 1221 356 1247 Paratae
370 1220 437 1246 sunt
458 1219 489 1246 in
511 1218 586 1246 coelo
612 1217 737 1245 diversae
760 1216 930 1244 mansiones
951 1214 995 1242 di—

217 1266 309 1294 versis
324 1265 497 1300 virtutibus,
514 1265 585 1301 quia
607 1271 669 1292 non
691 1271 826 1299 personae
841 1263 995 1298 acceptan-

218 1316 274 1350 tur,
291 1313 343 1342 sed
358 1321 464 1349 opera,
481 1322 494 1338 »
512 1314 566 1339 etc.

443 1410 684 1446 DISTlNCTIO
715 1410 772 1443 ΙΙΙ.

277 1486 427 1514 Secundum
445 1485 512 1521 quial
529 1485 605 1512 homo
625 1484 661 1511 ad
678 1483 750 1511 illud
768 1483 940 1510 intrinsecum

447 1533 574 1558 secretum
593 1529 768 1557 admittatur.

257 1601 351 1630 Tertio
368 1597 542 1628 videndum'
557 1600 613 1634 est,
631 1598 796 1627 secundum
817 1597 890 1634 quid
905 1597 997 1625 homo

222 1649 253 1676 in
266 1647 342 1676 illud
357 1647 548 1676 intrinsecum
564 1648 592 1675 et
606 1648 750 1674 secretum
764 1644 881 1672 Domini
894 1644 1000 1672 admit-

222 1697 298 1723 tatur
320 1696 347 1722 et
367 1693 588 1729 introducatur,
611 1693 660 1720 vel
681 1692 899 1720 intromittatur.
917 1691 1000 1719 Circa

224 1742 306 1778 quod
323 1741 504 1776 notandum,
520 1740 603 1777 quod
619 1747 686 1767 cum
701 1739 731 1766 in
749 1739 871 1767 homine
887 1738 923 1765 sit
938 1745 1001 1765 cor-

224 1797 295 1825 puS,
321 1790 348 1816 et
372 1788 492 1823 anima,
508 1789 535 1815 et
557 1787 696 1822 spiritus,
712 1787 744 1814 ut
768 1785 839 1813 dis-it
861 1785 1000 1820 Origenes

225 1845 313 1872 super
328 1837 454 1871 Cantica,
472 1836 588 1871 oportet
612 1834 711 1861 videre
732 1833 897 1860 secundum
916 1831 1000 1867 quod

225 1884 349 1912 istorum
365 1883 453 1912 trium
466 1883 558 1910 homo
579 1881 618 1909 ad
642 1881 718 1908 illud
741 1879 932 1907 intrinsecum
947 1878 1000 1906 ad-

225 1931 376 1965 mittatur,
401 1931 428 1957 et
451 1929 665 1957 introducatur.
684 1929 722 1955 De
742 1935 803 1963 quo
825 1925 1000 1959 sciendum,

226 1977 308 2014 quod
323 1985 390 2004 cum
405 1976 533 2004 Christus
548 1975 626 2003 (licat
640 1975 650 1992 ³
666 1984 672 2002 ε
689 1975 808 2009 Spiritus
821 1975 859 2000 est
874 1974 943 1999 Deus
953 1993 961 2005 ‚
977 1974 1002 1998 et

227 2033 267 2052 eos
283 2026 330 2059 qui
340 2024 456 2051 adorant
468 2022 504 2058 (α)
517 2024 612 2050 eumin
627 2023 729 2056 spiritu
741 2023 765 2048 ct
779 2021 903 2053 veritate,
918 2018 949 2045 id
960 2020 1002 2045 est

227 2072 257 2099 in
273 2071 430 2098 devotione
442 2071 470 2097 et
481 2069 659 2104 cognitione,
677 2070 779 2102 oportet
791 2067 925 2097 adorare:
940 2065 1001 2093 haec

227 2120 326 2146 autem
349 2116 529 2144 conveniunt
552 2115 666 2152 spiritui
690 2114 821 2141 humano
839 2120 932 2147 :ergo
957 2120 1001 2139 se-

228 2165 359 2193 cundum
380 2164 516 2200 spiritum
541 2165 656 2199 oportet
678 2162 819 2195 adorare,
841 2162 868 2188 et
882 2160 1001 2187 intrare.

226 2214 297 2240 Item
312 2220 379 2239 cum
393 2212 451 2238 Deo
467 2210 595 2238 maxime
621 2209 818 2237 assimilemur
839 2206 1003 2235 secundum

228 2259 362 2295 spiritum
380 2279 388 2292 ,
413 2257 577 2284 secundum
604 2265 694 2292 quem
723 2256 810 2283 etiam
838 2261 941 2281 sumus
965 2252 1004 2280 ad

229 2305 391 2339 imaginem
407 2306 434 2331 et
448 2303 670 2331 similitudinem
694 2302 762 2336 Dei,
786 2303 812 2329 et
837 2299 1004 2328 secundum

230 2352 287 2379 hoc
302 2359 404 2379 sumus
426 2358 547 2385 capaces
569 2350 638 2383 Dei,
659 2351 690 2376 ut
715 2348 785 2375 dicit
808 2346 1003 2381 Augustinus,

232 2398 309 2426 libro
330 2397 554 2434 quartodecimo
579 2397 610 2423 de
634 2397 783 2427 Trinitate‚·
808 2402 879 2428 ergo
903 2399 1006 2419 secun-

233 2444 306 2472 dum
321 2444 455 2480 spiritum
476 2442 677 2478 ingredimur,
697 2442 747 2477 qui
767 2443 809 2468 est
833 2447 1005 2476 supremum

234 2494 260 2519 et
275 2491 421 2527 optimum
435 2491 465 2518 in
478 2490 610 2518 homine.
626 2491 696 2517 Item
716 2487 881 2516 secundum
897 2493 1006 2521 corpus

233 2547 292 2568 non
308 2547 466 2576 possumus
480 2538 596 2574 ingredi
615 2537 690 2565 illud
710 2536 921 2569 intrinsecum,
939 2541 1006 2560 cum

265 2626 270 2641 ¹
288 2626 358 2655 Apud
375 2626 448 2654 nug„
464 2625 536 2651 ibid..
552 2625 577 2648 in
595 2624 638 2648 fin.
655 2636 685 2641 —-
705 2624 711 2636 Ἰ
729 2622 843 2651 Hieron.²
864 2621 889 2643 in
905 2618 984 2642 Monta
1001 2637 1007 2647 ‚

233 2669 255 2684 e.
281 2667 321 2684 ιιι.
346 2674 376 2678 -
401 2655 514 2690 δ’]αιιιιῚ
539 2666 572 2691 ιν,
596 2661 634 2683 24.
655 2671 685 2676 —
706 2660 712 2672 ⁴
734 2657 839 2688 Philip„
858 2662 903 2684 ιιι,
924 2657 961 2678 20,
980 2667 1005 2671 —

233 2697 243 2712 ⁸
259 2696 384 2725 Ilichard.,
403 2696 431 2719 tle
454 2696 550 2725 Trinit„
574 2695 686 2725 prolog„
707 2694 773 2717 circa
793 2691 861 2716 med.
880 2704 905 2708 —-
929 2691 937 2703 ὑ
961 2689 1007 2718 Ιι],,

235 2731 264 2755 de
277 2731 418 2755 Externum.
435 2732 504 2762 Mali,
520 2734 592 2755 tract.
610 2737 648 2762 ιιι,
665 2737 721 2760 cap.
740 2729 784 2753 ult.
799 2741 829 2746 —-
843 2728 853 2744 ⁷
870 2726 956 2755 Helm„
973 2731 1009 2754 iv,

614 259 665 292 DE
687 259 846 292 SEPTEM
866 258 1094 291 lTINERlBUS
1115 257 1404 292 AETERNITATIS.

1041 333 1150 362 corpus
1163 334 1225 354 non
1238 326 1332 362 possit
1345 326 1438 354 locari
1452 325 1509 354 nisi
1522 326 1554 354 in
1571 325 1639 356 loco
1653 327 1812 364 corporali.

1040 373 1112 401 ltem
1124 379 1193 400 cum
1207 372 1320 407 anima,
1335 374 1368 400 ut
1381 380 1491 409 corpus
1504 371 1630 408 animet,
1647 373 1815 402 necessario

1040 419 1109 447 insit
1132 419 1159 447 ei
1180 421 1213 447 ut
1231 418 1346 454 forma,
1361 427 1416 447 nec
1431 419 1472 447 sic
1494 419 1587 456 possit
1605 426 1636 448 se
1656 419 1814 449 extendere

1042 467 1124 494 extra
1138 473 1246 502 corpus
1258 465 1298 494 ad
1308 467 1431 501 aeterna,
1444 474 1513 494 cum
1525 466 1684 503 Apostolus
1698 466 1777 495 dicat
1785 467 1816 496 ⁴:

1042 514 1142 543 Nostra
1163 515 1326 541 conversatio
1349 515 1380 541 in
1402 515 1474 541 coelis
1496 516 1552 548 est,
1572 521 1634 541 non
1653 513 1819 542 secundum

1043 566 1152 596 corpus
1161 581 1170 595 ,
1182 559 1236 587 sed
1250 560 1414 588 secundum
1428 561 1574 594 mentem,
1589 567 1645 588 nec
1655 559 1820 588 secundum

1043 606 1176 635 animam
1189 609 1221 635 ut
1235 606 1348 635 animat
1362 615 1486 643 corpus,
1502 608 1535 635 ut
1549 608 1630 644 patet
1646 614 1683 635 ex
1697 606 1818 635 Glossa:

1043 652 1113 681 ideo
1127 661 1246 682 necesse
1261 654 1318 688 est,
1333 654 1366 683 ut
1378 661 1433 690 per
1447 653 1584 690 spiritum
1597 655 1744 690 nostrum,
1757 654 1822 682 tan-

1044 708 1137 737 quam
1158 700 1305 737 optimum
1319 700 1350 728 in
1363 699 1469 735 nobis,
1483 700 1661 729 accedamus
1682 700 1723 729 ad
1744 700 1822 729 illud

1044 746 1172 784 speciale
1188 746 1387 783 jntrinsecum
1413 749 1560 776 secretum
1587 747 1705 776 Domini
1731 749 1819 776 Jesu:

1046 793 1118 831 quia
1131 793 1194 830 ipse
1208 793 1288 821 misit
1299 793 1436 830 spiritum
1450 801 1550 830 suum,
1558 795 1592 822 ut
1605 794 1741 831 spiritum
1752 802 1822 823 nos·

1045 842 1125 869 trum
1138 839 1250 868 levaret
1265 841 1334 876 post
1348 840 1446 877 ipsum
1452 842 1460 874 3
1475 841 1507 869 ut
1524 840 1564 869 ait
1575 841 1586 858 ⁸
1600 840 1774 870 Richardus.
1790 843 1824 870 Et

1048 887 1119 923 quia
1133 887 1196 923 ipse
1209 886 1373 915 Richardus
1392 886 1465 915 alibi
1478 887 1488 904 ⁶
1503 886 1574 915 dicit
1590 895 1597 915 :
1614 896 1630 914 α
1648 888 1768 923 Oportet
1779 887 1825 916 in-

1047 933 1136 963 troire
1151 934 1241 962 liceat*
1252 933 1283 962 in
1299 933 1375 962 illud
1389 933 1528 962 intimum
1542 935 1687 962 secretum
1701 934 1825 971 quietis,

1049 983 1077 1010 et
1090 989 1236 1017 supremae
1247 980 1467 1017 tranquillitatis
1482 988 1640 1016 arcanum,
1655 982 1688 1009 ut
1701 981 1753 1010 fiat
1772 981 1827 1010 ista

1049 1028 1137 1056 valde
1152 1028 1299 1056 mirabilis
1314 1027 1438 1064 divisio,
1451 1035 1513 1056 non
1528 1028 1663 1064 corporis
1677 1030 1706 1057 et
1721 1028 1828 1057 animae

1051 1074 1205 1103 dissolutio
1214 1097 1224 1110 ,
1235 1075 1288 1103 sed
1303 1075 1362 1103 alia
1376 1083 1410 1103 ac
1421 1074 1515 1104 multo
1529 1074 1707 1110 mirabilior,
1721 1075 1828 1104 multo-

1051 1130 1110 1158 que
1125 1122 1285 1158 gloriosior
1305 1122 1432 1158 divisio,
1446 1122 1585 1151 videlicet
1605 1123 1713 1151 animm
1727 1125 1755 1152 et
1767 1123 1828 1160 spi-

1049 1169 1136 1204 ritus,
1154 1177 1246 1205 quam
1261 1169 1291 1197 in
1307 1168 1394 1198 nobis
1410 1169 1528 1213 operari
1545 1169 1638 1205 solet,
1654 1170 1728 1198 sicut
1743 1171 1828 1199 testa-

1051 1218 1098 1245 tur
1112 1216 1287 1251 Apostolus,
1303 1216 1403 1244 dicens
1416 1216 1427 1234 ⁷
1443 1224 1450 1243 ε
1470 1217 1554 1245 Vivus
1569 1219 1608 1244 cst
1623 1224 1708 1244 sermo
1723 1218 1790 1252 Dei,
1803 1220 1829 1246 et

1052 1264 1168 1297 efficaoe,
1189 1265 1214 1290 et
1237 1264 1310 1290 omni
1330 1263 1421 1298 ῃῖαῑίῐο
1443 1264 1562 1299 ancipiti
1574 1263 1789 1299 penetrabilior,
1805 1267 1832 1292 ct

1049 1311 1295 1345 pertz'nyensusque
1309 1310 1346 1337 ad
1361 1310 1522 1338 divisionem
1534 1312 1631 1339 animoe
1644 1313 1668 1338 et
1678 1312 1826 1346 spiritus.»

1054 1357 1117 1384 llaec
1135 1356 1194 1384 ille.
1218 1357 1259 1384 Ex
1278 1364 1339 1392 quo
1362 1357 1479 1393 oportet
1493 1356 1610 1392 videre,
1629 1357 1757 1393 qualiter
1777 1357 1830 1386 iste

1053 1403 1170 1439 spiritus
1185 1402 1224 1430 ab
1239 1402 1339 1431 anima
1359 1402 1502 1431 dividitur
1520 1403 1572 1440 (b),
1588 1405 1621 1432 ut
1635 1404 1674 1432 ab
1690 1404 1831 1432 omnibus

1054 1451 1249 1484 exoneratus,
1264 1450 1404 1478 ascendat
1428 1450 1468 1478 ad
1491 1450 1568 1478 illud
1590 1450 1782 1479 intrinsecum
1802 1452 1831 1480 et

1056 1499 1201 1525 secretum
1216 1496 1331 1533 quietis.
1348 1498 1386 1525 De
1406 1505 1466 1533 quo
1482 1498 1565 1525 notat
1584 1497 1746 1526 Richardus
1759 1498 1788 1532 ⁸,
1803 1499 1831 1526 et

1055 1547 1158 1573 auctor
1178 1544 1247 1572 libri
1269 1545 1302 1572 de
1322 1545 1430 1580 Spiritu
1444 1548 1469 1572 ct
1483 1546 1623 1580 Anz’ma',
1641 1545 1692 1573 ubi
1707 1547 1830 1582 uterque

1055 1600 1208 1628 exponens
1230 1591 1405 1628 praedictum
1430 1592 1556 1620 verbum
1574 1593 1707 1629 Apostoli
1730 1593 1830 1621 dicen-

1055 1639 1104 1673 tis,
1121 1638 1204 1675 quod
1229 1646 1326 1667 sermo
1343 1638 1392 1667 Dei
1415 1639 1555 1675 pertingit
1576 1647 1669 1676 usque
1692 1639 1731 1668 ad
1754 1639 1830 1668 divi-

1054 1685 1170 1713 sionem
1185 1685 1302 1721 spiritus
1317 1687 1345 1713 et
1359 1685 1479 1721 animae,
1495 1686 1678 1714 concordant
1699 1694 1752 1722 per
1767 1694 1830 1714 om-

1055 1732 1120 1766 nia,
1136 1731 1264 1760 dicentes
1279 1732 1320 1758 sic
1337 1741 1344 1759 ε
1361 1741 1375 1757 «
1391 1732 1467 1759 Nihil
1486 1732 1516 1759 in
1545 1733 1683 1760 creaturis
1706 1733 1762 1760 hac
1785 1732 1830 1760 di-

1055 1778 1167 1806 visione
1192 1778 1358 1806 mirabilius
1384 1779 1531 1814 cernitur,
1553 1778 1605 1806 ubi
1627 1778 1721 1814 illud,
1748 1779 1832 1815 quod

1056 1824 1247 1852 essentialiter
1261 1833 1355 1853 unum
1376 1827 1418 1853 est
1439 1827 1528 1861 atque
1549 1825 1740 1853 individuum
1755 1826 1786 1854 iu
1799 1833 1831 1854 se

1056 1872 1121 1908 ipso
1137 1893 1145 1906 ,
1173 1871 1337 1908 quamdam
1364 1872 1543 1900 divisionem
1566 1872 1711 1908 patiatur3
1735 1880 1832 1909 neque

1056 1919 1136 1946 enim
1151 1918 1181 1946 in
1195 1918 1317 1946 homine
1332 1926 1393 1947 uno
1410 1919 1468 1946 alia
1487 1920 1530 1947 est
1549 1919 1675 1947 essentia
1696 1920 1758 1955 ejus
1776 1919 1833 1955 spi-

1056 1965 1128 1993 ritus
1141 1987 1150 1999 ‚
1174 1967 1261 2001 atque
1282 1965 1345 2000 ejus
1371 1965 1492 2001 animae,
1517 1966 1570 1994 sed
1595 1974 1654 1994 uua
1668 1966 1833 2002 eademque

1057 2012 1219 2040 substantia
1240 2011 1382 2048 simplicis
1406 2014 1526 2040 naturae.
1540 2013 1604 2040 Non
1623 2013 1703 2041 enim
1727 2013 1758 2040 in
1776 2013 1834 2040 hoc

1057 2058 1177 2094 gemino
1192 2058 1340 2087 vocabulo
1364 2059 1482 2094 gemina
1506 2059 1669 2088 substantia
1692 2059 1834 2094 intelligi—

1057 2107 1122 2133 tur:
1140 2105 1192 2132 sed
1208 2113 1276 2133 cum
1293 2104 1332 2133 ad
1347 2105 1565 2134 distinctionem
1581 2107 1701 2142 ponitur
1716 2107 1835 2141 gemina

1058 2152 1222 2180 nominatio
1238 2152 1373 2187 ejusdem
1394 2152 1540 2188 essentne,
1556 2161 1617 2181 una
1634 2153 1768 2189 superior
1781 2161 1834 2190 per

1058 2198 1212 2235 spiritum,
1226 2198 1285 2226 alia
1300 2198 1421 2226 interior
1445 2199 1633 2234 designatur,
1650 2202 1678 2227 et
1697 2199 1760 2227 haec
1781 2207 1835 2235 per

1059 2246 1200 2273 animam.
1216 2255 1230 2270 ι»
1248 2244 1384 2280 Sequitur
1398 2253 1404 2272 ε
1419 2254 1432 2270 «
1447 2246 1479 2273 In
1490 2245 1545 2273 hac
1561 2246 1661 2282 itaque
1677 2246 1832 2277 divisione,

1059 2292 1174 2326 anima,
1192 2293 1219 2318 et
1235 2291 1318 2326 quod
1342 2291 1469 2319 animale
1487 2294 1546 2326 est,
1561 2293 1592 2320 in
1610 2293 1670 2320 imo
1691 2294 1832 2321 remanet.

1059 2339 1181 2374 Spiritus
1206 2339 1319 2371 autem,
1341 2340 1368 2365 et
1386 2338 1470 2373 quod
1489 2339 1640 2375 spirituale
1656 2341 1712 2373 est,
1733 2339 1771 2366 ad
1787 2347 1834 2365 su—

1059 2393 1162 2421 prema
1185 2383 1297 2418 evolat,
1321 2385 1349 2411 et
1372 2384 1410 2411 ab
1434 2384 1544 2413 intimis
1570 2385 1726 2419 dlviditur‚
1741 2387 1773 2413 ut
1796 2385 1835 2412 ad

1060 2439 1198 2467 suprema
1213 2430 1360 2465 elevetur3
1378 2431 1416 2459 ab
1440 2432 1538 2459 anima
1562 2432 1718 2465 scinditur,
1731 2434 1762 2458 ut
1777 2432 1834 2458 Do-

1061 2478 1142 2506 mino
1154 2478 1302 2512 jungatur.
1321 2478 1466 2510 Quoniam
1477 2478 1498 2496 ¹⁰
1512 2480 1559 2514 qui
1574 2478 1691 2505 udlzoeret
1712 2479 1834 2511 Domino,

1062 2533 1131 2553 unus
1145 2526 1262 2560 spiritus
1277 2527 1315 2551 est
1331 2532 1400 2552 cum
1414 2525 1478 2553 illo.
1494 2525 1515 2552 O
1530 2533 1620 2561 quam
1635 2524 1705 2552 felix
1717 2524 1835 2559 divisio,

1064 2603 1102 2625 12.
1120 2612 1151 2618 —-
1169 2600 1178 2613 ⁸
1193 2598 1321 2628 Riehard„
1342 2599 1385 2623 ubi
1409 2606 1463 2630 sup.
1488 2606 1562 2630 prox.
1588 2612 1613 2617 -
1636 2599 1646 2616 θ
1666 2599 1702 2623 De
1723 2600 1791 2630 sz'r.
1812 2602 1836 2624 et

1063 2637 1158 2666 Anima,
1168 2635 1369 2694 ammuh-3101·
1381 2636 1456 2666 Oper.
1468 2637 1494 2660 S.
1505 2637 1580 2667 Aug„
1593 2636 1704 2667 append.
1718 2637 1780 2660 tom.
1791 2636 1834 2660 Vl.

1065 2686 1091 2690 —
1111 2672 1234 2701 '⁰{C01·.‚
1251 2674 1308 2700 vi‚l
1331 2688 1337 2694 .

1098 2719 1127 2750 (a)
1144 2719 1204 2741 caet.
1221 2717 1280 2741 edit.
1297 2720 1319 2740 el
1334 2718 1378 2749 qui
1391 2717 1488 2742 adorat.
1504 2732 1533 2736 -
1551 2718 1584 2750 (b)
1601 2719 1656 2750 Ley.
1670 2718 1804 2743 dividatur.
