2004 3037
225 172 284 204 572

223 245 296 275 nus,
314 238 367 276 qui
384 238 623 276 relinquentibus
641 240 765 277 propter
781 247 815 269 se
831 239 918 270 bona
931 241 1005 269 tem·

222 285 340 323 poralia
360 285 460 315 reddit
483 286 658 323 centuplum
681 286 715 316 in
739 287 799 316 hoc
821 287 949 324 saeculo,
975 289 1005 316 et

223 335 315 364 vitam
325 336 466 365 oeternam
475 335 508 365 in
516 335 627 365 futuro.
639 337 753 372 Mami„
761 344 823 373 xix,
835 338 871 366 29
877 346 887 373 ;
899 337 1003 372 Marc„

223 391 254 418 x,
268 384 319 419 3⁰3
334 383 513 419 haedum,
527 385 573 413 30.

259 431 301 459 Ex
314 430 365 467 pia
378 430 554 460 liberalitate
575 431 787 468 proveniebat,
802 431 888 468 quod
906 431 1004 461 Domi-

223 485 279 506 nus
293 477 456 514 discipulos
469 478 567 515 spicas
581 478 725 507 vellentes
738 478 882 514 sabbatiS,
899 480 928 508 et
941 487 1004 508 ma-

223 524 313 553 nibus
326 524 533 560 confricantes,
550 527 654 554 contra
667 525 828 555 Pharisaeos
841 526 1005 556 maledicos

224 570 413 601 defendebat.
427 573 542 606 Mami„
559 581 618 608 1115
634 573 711 608 Luc„
726 581 765 602 vr.

259 619 336 648 Fons
356 619 540 648 liberalitatis
555 620 698 649 Dominus
716 621 889 658 peccatores
910 621 1004 658 respi-

224 666 322 695 ciebat
335 666 375 695 ad
389 668 646 703 convescendum,
661 669 690 696 et
705 667 960 705 colloquendum,
976 670 1005 697 et

223 713 264 742 ad
278 714 486 743 osculandum.
502 716 541 743 De
559 714 658 752 primo
681 717 710 744 et
729 715 879 750 secundo,
903 723 1004 744 exem-

222 761 307 798 plum
322 761 360 790 de
374 761 525 797 Matthaeo,
540 762 654 797 Matth„
670 769 715 798 113
729 763 808 797 Luc„
823 770 851 791 v.
873 763 945 791 ltem
966 762 1004 791 de

222 808 281 837 illis
302 809 490 846 publicanis,
515 811 545 838 et
562 809 789 846 peccatoribus,
814 809 867 845 qui
890 816 1003 846 appro-

222 855 410 893 pinquabant
428 856 468 884 ad
488 864 576 890 eum,
599 857 631 884 ut
652 855 790 885 audirent
809 855 912 891 illum,
927 857 1003 890 Luc„

222 911 282 932 xix.
292 905 364 932 Item
377 904 414 932 de
428 904 549 933 Zachoeo
559 925 568 938 ,
580 904 659 937 Luc„
674 912 733 932 xix.
752 905 791 932 De
805 904 892 932 tertio
906 912 1006 932 exem-

221 951 307 987 plum
322 951 359 979 de
380 951 490 986 Maria,
514 959 582 987 quae
601 950 793 980 osculabatur
811 950 904 986 pedes
923 951 1005 986 ejus,

221 998 299 1033 Luc„
317 1006 366 1027 vii.
388 1000 460 1027 ltem
482 998 519 1026 de
539 998 635 1034 suda,
657 998 773 1033 Malth„
791 1006 877 1032 xxvr3
903 999 1004 1031 Mare„

221 1052 287 1081 xiv;
304 1046 382 1079 Luc„
397 1053 456 1074 xxii
467 1065 477 1080 ,
492 1048 613 1082 propter
630 1045 920 1082 quod.benignitatis
942 1045 1003 1081 sig-

221 1100 294 1121 num
304 1113 314 1127 ‚
331 1092 434 1120 infelix
447 1093 531 1121 citius
545 1092 717 1129 resipiscere
733 1092 895 1121 debuisset.

256 1140 367 1168 Secutoe
378 1142 447 1168 sunt
457 1140 551 1168 turbae
562 1139 713 1176 pedestres
724 1139 883 1168 Dominum
893 1141 1004 1175 lesum,

221 1187 259 1216 de
271 1187 438 1216 civitatibus
449 1188 481 1216 in
491 1187 654 1216 desertum.
667 1189 791 1224 Vespere
802 1190 902 1216 autem
915 1188 1003 1222 facto,

221 1234 361 1263 dixerunt
377 1235 403 1262 ei
419 1234 560 1271 discipuli
577 1244 583 1263 :
603 1245 616 1261 α
633 1234 747 1263 Dimitte
764 1234 866 1262 turbas
885 1237 916 1262 ut
932 1243 1005 1262 eun-

221 1283 262 1310 tes
278 1284 377 1310 emaut
392 1282 448 1310 sibi
465 1290 556 1310 escas.
570 1292 582 1308 »
602 1284 664 1318 lpse
681 1289 752 1310 vero
768 1283 915 1318 tanquam
931 1281 1005 1310 libe-

220 1329 291 1357 ralis
310 1329 464 1366 respondit
481 1339 487 1357 :
505 1339 518 1355 α
536 1330 604 1357 Date
625 1329 682 1357 illis
703 1329 971 1364 vos'manducare,
988 1339 1002 1355 »

221 1377 276 1404 etc.
295 1377 409 1409 Mami..
424 1384 485 1411 xiv,
502 1377 551 1411 15,
571 1378 616 1405 16.

258 1423 468 1451 Distribuendo
493 1426 521 1452 et
542 1424 725 1452 restituendo
756 1423 858 1459 largus
879 1423 933 1451 suit
953 1425 1003 1452 Za-

221 1470 338 1505 ehaeus,
362 1478 430 1498 cum
447 1470 521 1499 dixit
535 1470 575 1499 ad
599 1471 759 1499 Dominum
774 1480 780 1499 :
802 1482 815 1496 «
831 1472 901 1499 Ecce
917 1470 1004 1498 dimi-

223 1517 307 1546 dium
323 1517 475 1546 bonorum
497 1526 650 1553 meorum,
676 1519 798 1547 Domine
809 1539 818 1552 ‚
838 1518 878 1546 do
894 1525 1006 1554 paupe·

221 1564 304 1593 ribus
322 1574 328 1592 :
345 1567 373 1592 et
392 1565 415 1592 si
439 1565 512 1601 quid
537 1565 670 1601 aliquem
696 1565 882 1599 defraudari,
907 1564 1004 1593 reddo

222 1612 457 1649 quadruplum.3»
477 1616 554 1649 Luc,5
569 1622 634 1649 xrx,
651 1616 678 1642 8.

258 1661 373 1688 Donum
387 1661 576 1697 pauperculae
590 1661 722 1689 mulieris
735 1661 834 1689 viduae
845 1669 910 1697 quoe
925 1661 1004 1689 misit

222 1706 284 1735 duo
299 1715 358 1735 aera
372 1707 486 1735 minuta
498 1708 527 1735 in
542 1708 806 1744 gazophylacium,
820 1708 975 1744 praefertur
988 1716 1005 1736 a

222 1755 347 1783 Domino
363 1755 539 1782 muneribus
554 1755 690 1783 divitum.
708 1757 785 1790 Luc„
801 1764 851 1783 xxr
862 1776 870 1789 ‚
885 1757 918 1789 2,
935 1758 961 1783 3.

259 1801 351 1829 Valde
363 1801 496 1829 liberalis
507 1802 560 1829 fuit
576 1802 717 1830 Dominus
728 1802 837 1830 latroni
850 1802 1003 1837 pendenti,

223 1850 250 1876 et
268 1848 377 1884 petenti
392 1857 398 1875 ε
420 1858 432 1873 «
443 1849 586 1876 Memento
610 1849 683 1883 mei,
700 1849 840 1882 Domine,
856 1848 929 1876 dum
951 1856 1004 1876 ve-

223 1895 301 1923 neris
324 1895 355 1923 in
378 1903 505 1931 regnum
528 1898 620 1923 tuum.
637 1905 650 1921 n
678 1897 710 1923 Et
736 1895 809 1923 dixit
832 1895 875 1923 illi
899 1897 1003 1923 Jesus:

226 1944 346 1970 «Amen
369 1942 437 1970 dico
459 1942 634 1977 tibi,110die
653 1950 772 1970 mecum
787 1942 844 1970 eris
866 1943 896 1970 in
918 1943 1004 1970 Para-

224 1988 300 2017 diso.
317 1999 329 2014 ι)
352 1990 429 2024 ινα,
447 1997 533 2024 xxiii,
550 1990 601 2023 4⁶2,
618 1991 662 2017 43.

259 2036 473 2071 Benignitatem
503 2038 531 2064 et
559 2036 765 2064 liberalitatem
794 2036 933 2071 dignatus
963 2038 1006 2064 est

224 2083 365 2112 Dominus
380 2083 554 2117 ostendere,
570 2083 693 2118 quando
718 2085 840 2110 vocatus
865 2083 903 2110 ad
930 2091 1005 2119 pau-

224 2138 309 2166 peres
323 2130 442 2166 nuptias
465 2130 537 2165 ivit,
560 2132 587 2158 et
602 2130 715 2158 ibidem
729 2138 840 2166 aquam
856 2131 886 2157 iu
902 2130 1005 2158 vinum

224 2178 387 2212 convertit,
405 2179 435 2205 ut
450 2177 628 2205 exhilararet
651 2184 797 2213 pauperes
817 2176 1006 2205 discumben-

224 2226 276 2252 tes.
292 2225 382 2256 Joan..
402 2232 433 2252 ιι.

259 2272 365 2306 Magna
380 2271 429 2298 Dei
445 2270 606 2299 liberalitas
620 2272 743 2306 apparet
759 2271 789 2298 in
805 2271 857 2298 illa
871 2271 1006 2299 similitu-

225 2317 295 2346 dine
317 2317 355 2345 de
381 2326 467 2346 servo
492 2325 639 2353 nequam,
664 2317 711 2345 cui
736 2318 809 2345 dixit
833 2317 972 2345 dominus
996 2327 1003 2346 :

227 2375 241 2391 (ι
256 2367 348 2395 Omne
363 2365 499 2393 debitum
515 2364 613 2392 dimisi
633 2364 685 2392 tibi
697 2385 705 2399 ‚
726 2365 871 2400 quoniam
897 2365 1005 2400 rogasti

225 2420 309 2440 me.»
328 2413 443 2444 Matth„
459 2420 546 2446 xvm,
563 2413 607 2438 32.

260 2459 369 2495 loseph
383 2459 435 2495 qui
450 2458 677 2494 cognominatus
693 2460 735 2486 est
750 2458 893 2486 Bursabas
903 2480 911 2493 ,
937 2467 1006 2487 cum

225 2505 348 2534 haberet
370 2514 475 2541 agrum
487 2527 495 2539 ,
510 2505 646 2533 vendidit
666 2505 750 2533 illum
762 2527 770 2539 ,
789 2508 816 2534 et
831 2505 924 2534 attulit
940 2514 1007 2542 pre-

227 2552 1005 2589 tium,etposuitantepedesapostolorum.Act.‚1v‚1.

263 2600 419 2628 Audienles
445 2600 582 2637 discipuli
598 2621 605 2634 ,
630 2600 681 2636 qui
712 2603 795 2627 erant
824 2600 984 2628 Antiochiae
996 2622 1004 2634 ,

228 2646 311 2682 quod
326 2647 418 2675 tames
430 2647 531 2676 valida
542 2647 641 2675 futura
653 2649 715 2675 erat
727 2647 757 2674 in
769 2647 908 2675 universo
921 2647 1004 2682 orbe,

836 171 972 206 BIBLIA
993 171 1226 206 PAUPERUM.

1057 244 1282 279 proposuerunt
1293 242 1327 271 in
1337 241 1540 272 ministerium
1554 242 1672 272 mittere
1683 242 1842 275 habitanti-

1058 288 1117 317 bus
1131 288 1272 319 sratribus
1285 289 1318 318 in
1333 289 1456 319 Judaea:
1472 289 1557 327 quod
1571 290 1601 319 et
1613 289 1758 326 fecerunt,
1772 291 1842 320 mit-

1057 336 1151 364 tentes
1161 336 1202 365 ad
1215 336 1348 366 seniores
1361 344 1416 374 per
1429 344 1538 366 manus
1551 337 1695 366 Barnabae
1707 338 1736 367 et
1748 337 1840 368 Sauli.

1058 383 1131 419 Act„
1148 391 1190 412 11.

1093 430 1236 466 Quaedam
1249 430 1358 460 mulier
1372 430 1572 469 purpuraria,
1588 431 1713 461 nomine
1726 431 1822 470 Lydia
1831 453 1842 468 ,

1057 477 1206 514 baptizata
1219 478 1259 507 ad
1275 486 1336 514 proe
1343 478 1525 507 dicationem
1539 478 1622 508 Pauli
1633 500 1642 514 ,
1655 479 1746 508 valde
1765 479 1842 509 libe-

1057 523 1159 553 raliter
1174 526 1203 554 et
1216 525 1323 554 devote
1342 525 1472 561 rogavit,
1487 525 1550 554 imo
1565 525 1663 562 coegit
1676 525 1800 555 Paulum
1814 527 1844 555 et

1059 569 1157 600 socios
1171 571 1234 608 eJ'us
1247 580 1374 601 manere
1389 573 1420 600 in
1435 572 1528 600 domo
1543 580 1608 601 sua.
1623 574 1697 607 Act„
1714 581 1780 608 xvx,
1795 574 1841 602 ¹5.

1094 618 1168 647 Cum
1183 619 1344 648 evasissent
1357 619 1482 654 Paulus,
1495 622 1523 648 et
1535 619 1609 648 socii
1630 619 1704 656 ejus,
1721 619 1758 649 de
1772 619 1844 650 navi

1057 665 1150 694 fracta
1163 667 1298 703 tempore
1311 666 1464 704 hyemali,
1479 666 1601 695 Barbari
1615 675 1678 695 non
1691 667 1843 696 modicam

1057 712 1274 741 humanitatem
1301 713 1481 750 praestabant
1516 714 1569 742 eis.
1601 716 1732 744 Accensa
1761 714 1842 744 enim

1058 767 1134 796 pyra
1148 759 1322 788 reficiebant
1335 767 1397 795 eos,
1409 761 1532 797 propter
1546 759 1686 797 imbrem,
1699 761 1773 799 quia
1788 761 1843 790 im-

1058 805 1193 834 minebat
1207 806 1310 843 frigus.
1325 807 1398 841 Act„
1409 815 1522 842 xxvnr,
1539 806 1573 842 l',
1586 808 1616 836 2.

1094 853 1215 882 Publius
1242 853 1380 891 princeps
1407 854 1513 883 insulae
1538 854 1658 890 Melitae,
1684 854 1725 884 ad
1749 863 1843 892 quam

1060 899 1167 928 Paulus
1182 902 1209 928 et
1223 900 1297 928 socii
1311 901 1374 936 ejus
1389 903 1456 938 post
1468 902 1673 938 tempestatem
1684 905 1843 938 venerunt,

1059 946 1225 983 suscipiens
1240 955 1291 975 eos
1307 947 1416 983 triduo,
1433 947 1563 984 benigne
1576 947 1720 977 exhibuit.
1736 948 1844 978 Paulus

1060 996 1160 1022 autem
1175 997 1291 1030 putrem
1305 994 1439 1023 febribus
1460 997 1488 1023 et
1513 995 1682 1032 dysenteria
1703 995 1844 1025 laboran-

1060 1042 1121 1069 tem
1134 1042 1260 1070 sanavit.
1278 1044 1350 1076 Act„
1366 1050 1473 1076 xxviii,
1489 1043 1514 1077 7,
1531 1043 1558 1070 8.

1096 1090 1226 1126 Apparet
1245 1088 1368 1117 Paulum
1383 1097 1454 1125 erga
1468 1097 1616 1126 pauperes
1629 1089 1719 1118 valde
1732 1089 1841 1119 libera-

1059 1135 1120 1164 lem
1134 1136 1222 1164 inisse
1233 1157 1242 1170 ‚
1266 1144 1397 1173 quorum
1411 1136 1531 1172 negotia
1548 1139 1611 1165 tam
1631 1137 1756 1166 sollicite
1771 1145 1842 1174 pro-

1061 1183 1203 1218 curabat,
1220 1183 1256 1220 (a)
1275 1185 1307 1211 ut
1327 1185 1408 1220 patet
1423 1182 1461 1211 de
1476 1183 1608 1212 collectis
1628 1191 1704 1221 quas
1721 1184 1844 1220 diligen-

1059 1230 1170 1259 tissime
1189 1230 1254 1258 fieri
1277 1231 1474 1267 procurabat,
1493 1231 1527 1266 (b)
1544 1232 1553 1259 l
1572 1232 1643 1267 Cor„
1658 1239 1717 1265 xvr,
1733 1233 1750 1260 4
1765 1241 1773 1260 :
1789 1242 1803 1259 u
1815 1232 1843 1261 Si

1061 1277 1186 1313 dignum
1209 1277 1314 1311 fuerit,
1337 1279 1369 1306 ut
1397 1286 1452 1314 ego
1476 1286 1553 1312 eam,
1576 1286 1694 1307 mecum
1716 1278 1842 1308 ibunt.»

1061 1326 1131 1353 ltem
1142 1345 1150 1359 ‚
1168 1326 1189 1352 ll
1213 1325 1350 1360 Corinth„
1365 1333 1394 1353 ix
1407 1346 1416 1360 ‚
1437 1325 1454 1353 6
1473 1334 1480 1353 :
1499 1335 1513 1352 α
1529 1325 1583 1360 Qui
1597 1333 1686 1362 parce
1701 1326 1844 1361 seminat,

1060 1379 1148 1408 parce
1165 1374 1192 1399 et
1205 1374 1310 1407 metet,
1325 1382 1338 1397 ιι
1357 1374 1412 1400 etc.

1096 1419 1166 1447 Mira
1181 1418 1342 1447 liberalitas
1357 1421 1385 1447 et
1397 1418 1547 1454 gratitudo
1558 1419 1613 1447 fuit
1628 1419 1659 1447 in
1671 1419 1774 1455 Paulo,
1789 1419 1843 1456 qui

1060 1473 1116 1502 pro
1137 1465 1272 1502 quodam
1295 1466 1432 1495 onesimo
1456 1474 1544 1494 servo
1571 1466 1750 1495 Philemonis
1770 1466 1844 1503 fugi-

1061 1514 1120 1542 tivo
1131 1535 1140 1549 ‚
1163 1514 1277 1550 scripsit
1291 1514 1400 1542 litteras
1416 1517 1475 1542 tam
1490 1514 1685 1549 affectuosas,
1710 1515 1844 1544 efficaces

1061 1562 1089 1589 et
1110 1561 1254 1596 devotas,
1277 1564 1307 1589 ut
1323 1563 1420 1597 patet,
1441 1562 1477 1589 ad
1498 1562 1695 1595 Philemonem,
1712 1563 1757 1597 17,
1782 1563 1816 1590 18
1835 1571 1842 1590 :

1065 1617 1079 1633 ιι
1098 1608 1126 1636 Si
1142 1608 1234 1636 habes
1250 1616 1296 1636 me
1311 1608 1443 1643 socium,
1460 1608 1518 1643 ait,
1541 1609 1655 1646 suscipe
1670 1609 1756 1637 illum
1769 1608 1845 1637 sicut

1061 1663 1128 1691 me3
1144 1655 1168 1683 si
1192 1657 1291 1684 autem
1307 1655 1424 1692 aliquid
1444 1656 1545 1684 nocuit
1563 1656 1636 1691 tibi,
1659 1658 1709 1684 aut
1732 1655 1842 1690 debet,

1061 1703 1118 1731 hoc
1134 1702 1207 1731 mihi
1223 1703 1351 1739 imputa,
1367 1713 1380 1728 »
1399 1705 1454 1730 etc.

1292 1796 1435 1831 CAPUT
1459 1795 1610 1829 LXXIII.

1359 1869 1397 1896 De
1411 1869 1545 1895 avaritia.

1098 1939 1186 1968 Multa
1201 1939 1324 1974 possunt
1339 1936 1434 1965 notari
1450 1937 1480 1964 in
1494 1936 1552 1965 hoc
1562 1957 1571 1972 ‚
1587 1937 1671 1974 quod
1687 1938 1773 1973 Cain,
1790 1939 1841 1975 qui

1061 1986 1270 2022 interpretatur
1301 1986 1433 2020 possessio
1446 2004 1456 2018 ‚
1482 1983 1591 2012 occidit
1622 1984 1695 2013 Abel
1721 1985 1843 2014 fratrem

1061 2041 1159 2062 suum.
1177 2033 1256 2065 Gen„
1272 2041 1311 2061 iv.

1098 2080 1168 2109 Cain
1182 2081 1294 2116 primus
1308 2080 1415 2115 legitur
1429 2079 1590 2107 :edificasse
1605 2079 1753 2108 civitatem
1764 2101 1773 2116 ‚
1789 2081 1842 2109 sed

1062 2127 1217 2162 nonAbel,
1233 2128 1311 2161 Gen„
1322 2135 1361 2160 iv,
1377 2127 1448 2163 quia
1460 2126 1552 2154 sancii
1563 2135 1624 2155 non
1639 2126 1751 2155 habent
1767 2138 1781 2153 ιι
1795 2127 1842 2156 hic

1062 2177 1232 2203 manentem
1247 2174 1411 2207 civitatem,
1427 2173 1481 2201 sed
1503 2173 1634 2202 futuram
1648 2184 1662 2199 »
1678 2174 1843 2210 inquirunt,

1063 2225 1094 2250 ut
1109 2225 1230 2250 testatur
1242 2221 1409 2257 Apostolus.
1427 2221 1521 2254 Hebr„
1533 2228 1584 2248 xiii
1594 2242 1601 2255 ,
1619 2222 1663 2249 lt.

1100 2271 1221 2305 Propter
1236 2269 1362 2296 multam
1377 2267 1573 2295 substantiam
1589 2275 1681 2304 quam
1694 2267 1843 2296 Abraham

1063 2318 1091 2345 et
1105 2317 1178 2344 Loth
1193 2316 1362 2349 habebant,
1379 2322 1440 2343 non
1456 2317 1617 2351 potuerunt
1631 2315 1742 2351 pariter
1756 2315 1843 2342 hahi-

1063 2366 1124 2391 tare
1136 2385 1144 2397 ,
1166 2365 1193 2391 et
1213 2364 1365 2398 coeperunt
1381 2364 1515 2398 pastores
1531 2369 1637 2390 eorum
1657 2361 1697 2390 ad
1717 2361 1844 2390 invicem

1066 2410 1191 2445 litigare.
1210 2411 1287 2442 Gen.,
1303 2417 1366 2437 xm.

1099 2457 1289 2485 Abundantia
1295 2463 1394 2484 rerum
1406 2455 1616 2492 temporalium
1625 2455 1793 2490 frequenter
1802 2458 1845 2484 est

1064 2504 1201 2540 gravium
1216 2503 1333 2531 occasio
1349 2505 1548 2538 peccatorum,
1565 2502 1639 2530 sicut
1649 2503 1729 2538 patet
1744 2502 1780 2530 de
1791 2503 1844 2531 So·

1064 2551 1194 2585 domitis,
1206 2550 1414 2587 peecatoribus
1426 2549 1570 2586 pessimis.
1579 2549 1658 2581 Gen„
1674 2557 1727 2578 1111
1742 2552 1770 2578 et
1782 2559 1842 2578 xix.

1095 2653 1128 2681 ψ)
1147 2652 1208 2676 Coet.
1224 2650 1283 2675 edil.
1299 2650 1356 2675 add.
1371 2650 1413 2675 ita.
1429 2663 1459 2668 —
1475 2649 1509 2680 (b)
1524 2648 1583 2673 Item
1597 2648 1630 2673 ite
1646 2651 1672 2674 ut
1687 2651 1764 2680 patet.
