2004 3037
209 189 269 219 416

207 253 388 291 principium
401 253 574 281 Cantiaci-um
588 251 629 280 sie
639 261 646 280 :
657 261 672 279 α
682 252 790 282 Omnes
804 252 911 281 animae
921 259 985 281 mo-

207 300 302 329 tiones
315 299 513 328 universitatis
525 298 667 328 Conditor
681 291 792 329 creavit
805 298 846 327 ad
857 299 984 334 bonum,

207 348 315 385 scilicet
329 349 482 382 aeternum,
495 347 535 375 ad
546 347 631 384 quod
644 348 758 375 tantum
771 354 826 383 per
839 355 870 375 se
883 355 986 383 perve-

207 395 270 422 nire
284 402 347 422 non
364 395 516 431 poterant,
531 393 587 422 nisi
609 393 884 430 supernaturalibus
897 393 986 422 bonis

207 441 469 477 supernaturaliter
488 441 709 477 perficerentur.
734 451 749 468 »
771 440 853 469 Unde
881 441 988 469 dicitur

208 487 340 516 ibidem:
362 497 375 514 ι(
396 487 477 516 Disce
495 489 595 516 motus
609 488 716 516 animae
733 489 790 515 tuae
805 489 833 516 et
846 487 988 516 naturalis

208 534 319 562 amoris
347 534 520 563 incendium
548 535 588 563 ad
614 534 753 562 meliores
777 534 952 568 transferre,
970 543 985 562 ι)

209 581 318 609 scilicet
338 581 377 610 ad
401 581 640 618 supernaturales
665 581 870 618 perfectiones.
896 582 988 610 Motus

210 628 290 657 enim
308 628 415 657 animffl
433 629 495 656 tam
516 628 729 657 intellectuales
743 636 836 664 quam
850 628 989 656 affectua-

209 675 267 712 les,
292 676 368 705 inter
388 677 481 704 Deum
496 678 524 704 et
538 676 686 711 animam,
701 676 732 704 in
746 675 989 704 meditationibus

212 723 296 759 quasi
315 723 440 759 quidam
453 723 550 751 nuntii
564 722 745 757 discurrunt,
765 722 817 758 qui
831 722 948 750 inutiles
962 724 990 750 et

212 769 328 805 indigni
344 772 429 798 erunt
442 769 473 797 in
488 771 648 806 conspectu
662 769 731 804 Dei,
742 769 798 796 nisi
812 769 925 797 lumine
938 776 990 797 ve·

211 816 305 845 ritatis
327 818 355 844 et
376 815 492 844 fervore
514 816 663 844 charitatis
684 824 738 852 per
758 815 894 844 divinum
914 815 991 843 allo-

213 864 318 900 quium
332 863 549 900 praeveniantur
555 873 563 898 3
577 862 723 898 alioquin,
734 862 758 890 si
771 862 863 890 homo
875 870 911 890 ex
922 869 991 898 pro·

212 911 284 947 priis
306 911 458 946 loquatur,
483 909 614 938 mendax
634 909 793 938 invenitur.
820 910 886 937 uaeo
911 909 991 937 enim

214 959 294 987 dona
309 957 546 994 supernaturalia
559 957 669 985 faciunt
682 959 780 985 motus
795 957 916 991 mentis,
931 959 991 984 tam

213 1005 441 1039 intellectuales,
456 1012 548 1041 quam
567 1003 747 1038 affectuales,
767 1004 875 1039 dignos
896 1005 925 1032 et
943 1011 991 1032 ac-

214 1054 315 1088 ceptos
336 1052 367 1079 in
387 1052 547 1087 conspectu
570 1051 634 1086 Dei,
658 1053 801 1087 tanquam
816 1050 892 1078 filias
908 1050 991 1078 Judae

195 1101 241 1135 ⁶ct
262 1098 441 1127 Hierusalem
463 1106 565 1133 regem
583 1106 671 1125 suum
691 1097 722 1125 in
743 1097 850 1125 decore
871 1105 925 1125 suo
946 1097 992 1125 vi·

96 1811 194 1835 Qualiter

97 1841 201 1867 cognosci

97 1872 165 1899 possit
173 1878 200 1892 an

115 1904 144 1924 ali
152 1909 189 1929 lua

97 1935 164 1955 motio
175 1936 203 1955 sit

111 1972 124 1986 a
134 1968 188 1992 Dec,

97 1998 130 2018 vel
139 2004 151 2017 a
162 1997 203 2017 dee-

116 2034 189 2049 mone.

215 1145 324 1174 dentes.
342 1147 380 1173 De
397 1144 457 1172 istis
471 1144 580 1172 nuntiis
599 1144 726 1179 loquens
745 1143 908 1171 Richardus
923 1143 994 1172 dicit

214 1193 298 1220 sic¹z
318 1191 494 1226 «Quotidie,
517 1191 547 1218 ni
569 1190 667 1225 fallor,
689 1191 741 1227 qui
763 1190 947 1219 meditationi
965 1192 993 1219 et

214 1239 357 1267 locutioni
371 1238 516 1272 insistitis,
532 1238 582 1266 Dei
599 1237 718 1265 nuntios
740 1237 896 1273 suscipitis..
913 1238 992 1271 Quo-

215 1286 268 1315 ties
283 1286 377 1320 enim,
393 1293 429 1313 cx
445 1285 553 1313 abditis
576 1284 730 1320 Scripturae
743 1284 923 1319 recessibus,
938 1292 992 1312 no-

215 1341 269 1360 vos
284 1332 446 1360 intellectus
461 1331 602 1365 eruimus,
614 1331 688 1368 quid
703 1331 786 1359 aliud
800 1339 891 1367 quam
904 1339 993 1366 quos—

217 1379 287 1407 dam
303 1379 401 1407 dilecti
416 1379 507 1407 nostri
522 1379 642 1406 nuntios
652 1378 831 1414 recipimus?
843 1378 912 1406 Huic
923 1385 993 1406 sane

215 1426 333 1461 negotio
349 1426 495 1457 subservit
509 1425 606 1453 omnis
620 1433 702 1452 saera
717 1424 820 1459 lectio,
841 1432 993 1460 sagaxque

216 1472 379 1500 meditatio.
395 1472 450 1500 Alii
471 1480 601 1508 namque
624 1471 808 1507 legentibus,
829 1471 879 1500 alii
901 1471 993 1499 medi-

216 1520 359 1554 tantibus,
373 1519 543 1547 divinorum
563 1521 743 1546 secretorum
764 1518 934 1546 internuntii
948 1526 995 1546 oc-

216 1568 347 1601 currunt,
360 1566 413 1602 qui
427 1566 525 1593 dilecti
540 1566 632 1594 nostri
648 1566 686 1593 ad
702 1574 757 1593 nos
771 1565 913 1593 mandata
928 1573 993 1601 per·

215 1614 322 1648 serunt,
336 1613 414 1641 etde
429 1613 552 1648 singulis
564 1613 715 1640 instruunt
729 1614 751 1640 ².
766 1614 829 1640 Non
845 1613 924 1640 enim
940 1612 993 1639 de-

216 1662 260 1688 cet
274 1663 405 1689 amantes
420 1662 522 1688 mutua
539 1659 647 1692 studia,
661 1662 824 1695 mutuaque
839 1659 870 1686 in
885 1659 993 1686 alteru-

215 1710 293 1735 trum
309 1708 456 1735 desideria
474 1707 602 1741 nescire,
618 1714 716 1742 neque
735 1706 842 1733 sut‘ticit
863 1706 995 1734 mstuanti

216 1754 322 1781 animae
345 1754 519 1788 ardentique
544 1753 692 1780 desiderio
715 1753 750 1787 (α)
776 1752 867 1780 semel
891 1752 995 1780 audire

216 1801 366 1828 dilectum.
393 1801 520 1828 Obsecro
548 1807 619 1834 ergo
641 1800 651 1816 ³
669 1808 675 1826 :
706 1799 828 1832 Munda,
853 1799 993 1826 remanda.

216 1848 338 1876 Nuntius
353 1847 470 1875 medius
487 1847 562 1874 inter
576 1854 631 1873 nos
647 1845 805 1880 discurrat,
822 1845 873 1880 qui
890 1853 937 1872 me
957 1845 995 1873 de

217 1894 339 1929 singulis
360 1894 498 1928 instruat,
515 1892 620 1920 doceat
640 1900 688 1920 mc
707 1899 768 1920 non
789 1892 887 1919 solum
906 1899 996 1927 super

217 1943 324 1969 statum
337 1949 453 1974 mcum,
467 1939 518 1967 sed
534 1941 562 1967 ct
576 1939 613 1967 de
628 1941 704 1966 statu
718 1941 769 1966 tuo
785 1938 908 1972 doceat,
922 1946 996 1974 quo-

219 1987 310 2016 modo
326 1987 407 2023 apud
422 1989 448 2014 te
463 1986 509 2021 sit,
525 1986 572 2013 vel
589 1985 663 2022 quid
689 1985 742 2013 tibi
761 1985 799 2012 (lc
813 1992 861 2013 me
875 1984 996 2021 placue-

219 2035 264 2063 rit.
281 2045 296 2062 »
312 2036 375 2062 Haec
388 2034 449 2062 ille.

254 2082 311 2110 Sed
330 2081 425 2117 qualis
439 2081 605 2110 differentia
623 2080 699 2108 inter
714 2079 834 2107 nuntios
852 2087 953 2114 veros,
969 2081 998 2108 et

219 2128 308 2156 salsos
323 2128 377 2163 sit,
393 2130 421 2156 et
433 2128 588 2164 quomodo
603 2134 834 2162 cognoscamus,
851 2126 937 2153 docet
950 2126 998 2154 ni-

219 2175 346 2202 chardus
361 2175 460 2202 dicens
481 2175 523 2202 sic
537 2175 566 2202 4:
585 2184 599 2201 «
615 2174 735 2201 Divinus
753 2173 873 2200 nuntius
893 2173 997 2208 procul

220 2221 313 2249 dubio
329 2223 381 2256 est,
393 2230 447 2256 per
459 2230 550 2257 quem
565 2221 672 2248 divinoe
687 2219 846 2247 voluntatis
857 2219 997 2255 benepla-

221 2268 310 2296 citum
334 2268 556 2303 cognoscimus,
579 2275 633 2303 per
654 2275 744 2302 quem
763 2266 801 2294 ad
821 2268 997 2294 aetcrnorum

221 2314 420 2350 cognitionem
441 2314 657 2348 illuminamur,
676 2321 729 2349 per
748 2321 838 2348 quem
858 2313 897 2340 ad
917 2315 997 2340 feter-

221 2369 329 2388 norum
351 2360 533 2389 desiderium
554 2360 785 2387 inflammamur.
810 2369 823 2385 ι)
851 2360 915 2386 Haec
936 2359 996 2387 ille.

221 2409 262 2435 Ex
286 2415 346 2444 quo
369 2409 450 2444 patet
475 2407 598 2435 istorum
622 2406 795 2434 nuntiorum
819 2405 996 2435 differentia.

221 2454 390 2483 Nuntiantes
405 2453 485 2483 enim
499 2453 586 2482 nobis
599 2461 665 2488 quae
681 2454 748 2480 sunt
762 2454 862 2480 contra
879 2452 928 2480 Dei
945 2460 997 2481 vo-

254 2542 404 2573 ¹Richard.‚
419 2542 448 2566 de
462 2540 611 2572 contempl„
626 2540 671 2564 lib.
688 2540 731 2570 lV,
747 2547 770 2564 c.
786 2545 839 2570 xiV,
855 2541 912 2564 ante
927 2541 996 2565 med.

222 2591 252 2596 —
269 2579 277 2593 ²
296 2578 369 2608 ibid„
386 2586 408 2602 c.
425 2584 484 2607 xui,
501 2579 559 2601 aute
574 2576 642 2600 med.
657 2588 687 2593 --
704 2576 714 2591 ²³
730 2577 789 2605 Iso„
805 2582 900 2606 xxviii,
917 2578 955 2600 ιο,
967 2590 997 2595 --

222 2615 231 2629 δ
247 2614 375 2644 Πίοἰιαιιι.,
389 2614 460 2645 ibid.,
474 2613 520 2637 lii».
531 2613 592 2642 V,c.
611 2613 737 2640 xi11,;1utc
753 2611 819 2635 med.
830 2623 859 2627 —
874 2612 882 2625 ⁵
894 2612 997 2641 Manli..

223 2655 270 2681 vii,
284 2652 322 2675 16.
334 2662 360 2668 -
375 2651 383 2664 ¹¹
399 2649 483 2679 Prov„
496 2654 557 2678 xxv,
571 2649 665 2673 25.—³
681 2648 767 2678 Bern.,
779 2648 804 2671 ιἰι
820 2647 903 2678 Cant„
917 2655 995 2673 serni.

621 185 673 218 DE
692 184 850 218 SEPTEM
869 182 1094 217 l'l'INERIBUS
1115 183 1407 217 AETERNITATIS.

1040 250 1196 287 luntatem,
1211 251 1260 280 vel
1272 251 1310 280 de
1320 251 1492 287 mundanis,
1502 251 1552 280 vel
1567 251 1605 281 de
1618 252 1665 281 his
1675 261 1742 291 quae
1751 257 1820 283 sunt

1042 299 1155 334 carnis,
1171 300 1239 328 sunt
1259 299 1325 328 falsi
1344 299 1455 335 nuntii,
1475 307 1542 336 quae
1557 299 1653 329 carnis
1673 301 1742 328 sunt
1756 309 1820 330 sen-

1041 345 1159 379 tientes,
1182 346 1253 383 quia
1267 355 1338 375 caro
1358 349 1386 375 et
1406 347 1527 382 sanguis
1543 346 1686 374 revelavit
1699 347 1750 375 eis.
1765 347 1820 376 Alii

1041 399 1113 420 vero
1127 393 1247 429 sapiunt
1261 402 1327 430 quae
1340 393 1390 422 Dei
1405 395 1482 429 sunt,
1498 393 1570 430 quia
1582 394 1667 422 Pater
1679 393 1822 423 revelavit

1042 439 1106 467 eis:
1132 448 1203 475 ergo
1222 440 1233 457 Β
1254 449 1288 468 eae
1309 441 1445 474 fructibus
1468 448 1557 468 eorum
1582 442 1742 475 cognoscetis
1767 448 1820 470 eos.

1042 486 1146 522 ‘Aqua
1159 487 1268 522 frigida
1287 489 1384 516 animoe
1407 488 1533 521 sitienti,
1557 487 1640 516 bonus
1662 489 1774 516 nuntius
1789 487 1823 516 de

1044 535 1115 561 terra
1131 534 1289 569 longinqua.

1078 579 1136 608 Sed
1153 580 1319 610 Bernardus
1340 580 1425 609 aliter
1446 580 1599 616 distinguit
1614 580 1691 609 inter
1709 580 1822 610 allocu-

1042 627 1155 656 tionem
1175 627 1325 663 divinam,
1349 631 1377 657 et
1399 629 1625 658 meditationem
1645 629 1821 665 humanam,

1045 673 1146 702 dicens
1158 675 1190 703 ²:
1214 684 1227 701 «
1245 677 1318 704 Sunt
1338 675 1476 712 quaedam
1495 676 1590 705 verba
1609 676 1702 704 nostri
1722 676 1824 712 sponsi

1045 721 1084 749 ad
1097 729 1167 756 nos,
1183 723 1290 750 nostroe
1302 722 1511 750 meditationes
1531 722 1568 750 de
1582 723 1648 759 ipso
1665 724 1694 752 et
1708 723 1745 751 de
1760 723 1824 758 ejus

1046 769 1156 804 gloria,
1172 765 1333 804 elegantia,
1345 769 1479 805 potentia
1494 771 1523 798 et
1537 770 1706 805 majestate:
1720 771 1748 798 et
1762 777 1824 797 non

1045 815 1144 843 solum
1162 815 1225 843 haec
1233 825 1241 851 ς
1263 815 1317 843 sed
1331 817 1360 843 et
1374 824 1443 844 eum
1457 808 1610 844 versamus
1623 815 1712 844 avida
1726 818 1824 844 mente

1045 862 1212 891 testimonia
1226 863 1304 898 ejus,
1328 864 1356 890 et
1373 862 1487 898 Judicia
1502 862 1562 890 oris
1575 863 1654 898 eJusJ,
1676 864 1704 890 et
1717 862 1748 890 in
1759 862 1824 898 lege

1046 909 1109 944 ejus
1123 909 1302 937 meditamur
1317 909 1364 937 die
1378 917 1412 937 ac
1424 911 1520 944 nocte,
1533 909 1660 937 sciamus
1675 917 1730 945 pro
1746 911 1824 937 certo

1046 955 1149 983 adesse
1164 956 1325 992 Sponsum,
1342 958 1430 992 atque
1447 956 1562 992 alloqui
1575 963 1644 990 nos,
1661 958 1768 984 utnon
1782 955 1825 984 l'a-

1047 1002 1172 1037 tigemur
1202 1002 1374 1036 laboribus,
1399 1002 1587 1031 sermonibus
1611 1002 1758 1031 delectati.
1784 1004 1826 1030 Tu

1048 1056 1118 1084 ergo
1140 1057 1208 1077 cum
1236 1049 1288 1077 tibi
1313 1049 1383 1077 talia
1405 1049 1488 1077 volvi
1512 1049 1614 1078 animo
1637 1050 1743 1084 sentis,
1764 1056 1827 1077 non

1048 1097 1128 1124 tuam
1140 1098 1225 1132 putes
1240 1096 1461 1131 cogitationem,
1473 1096 1526 1124 sed
1539 1095 1624 1124 illum
1639 1104 1768 1131 agnosce
1782 1096 1827 1124 lo-

1048 1145 1186 1179 quentem
1196 1164 1205 1178 ,
1222 1143 1273 1179 qui
1288 1143 1369 1179 apud
1385 1143 1562 1179 prophetam
1578 1142 1649 1172 dicit
1663 1144 1672 1160 ⁸
1686 1152 1692 1170 :
1708 1145 1764 1177 1390
1778 1145 1827 1178 qui

1049 1190 1142 1225 loquor
1151 1190 1303 1224 Justitiain.
1314 1200 1326 1215 n
1344 1189 1494 1226 Sequitur:
1510 1199 1525 1216 t(
1539 1189 1652 1217 Similia
1666 1189 1746 1218 enim
1760 1191 1828 1218 sunt

1049 1236 1175 1271 cogitata
1193 1239 1301 1264 nostroe
1321 1236 1427 1264 mentis
1450 1236 1638 1264 sermonibus
1651 1235 1780 1264 veritatis
1795 1236 1826 1264 in

1049 1283 1136 1310 nobis
1150 1283 1314 1318 loquentis,
1331 1291 1386 1311 nec
1400 1282 1486 1310 facile
1504 1283 1570 1319 quis
1585 1282 1737 1316 discernit,
1754 1282 1828 1318 quid

1049 1329 1127 1357 intus
1142 1338 1192 1357 cor
1210 1338 1298 1357 suum
1308 1331 1405 1366 portet
1419 1330 1466 1366 (b),
1490 1329 1600 1365 quidve
1614 1329 1692 1357 intus
1710 1329 1826 1365 audiat,

1049 1376 1105 1404 nisi
1120 1377 1172 1412 qui
1193 1376 1354 1412 prudenter
1368 1375 1494 1404 advertit
1509 1376 1667 1404 Dominum
1685 1376 1715 1404 in
1730 1378 1827 1404 Evan-

1050 1423 1127 1458 gelio
1141 1423 1324 1459 loquentem,
1338 1423 1408 1459 quia
1418 1424 1428 1440 ⁹
1443 1423 1476 1450 de
1490 1423 1568 1450 corde
1582 1425 1679 1451 eoeeunt
1688 1425 1829 1458 cogitatio-

1050 1478 1096 1497 nes
1112 1471 1199 1503 malm,
1217 1472 1244 1497 et
1257 1469 1333 1498 illud
1349 1469 1386 1497 ¹⁰:
1406 1469 1479 1502 Quid
1495 1471 1622 1504 cogitatis
1636 1471 1708 1497 mala
1723 1471 1753 1497 in
1769 1477 1827 1497 cor-

1050 1517 1129 1544 dibus
1146 1518 1264 1544 vestris?
1285 1519 1331 1544 et:
1355 1516 1496 1552 Loquitur
1520 1516 1710 1544 mendacium
1726 1517 1760 1552 ¹⁴,
1777 1517 1828 1552 qui

1051 1564 1087 1591 dc
1106 1563 1234 1600 propriis
1254 1563 1398 1599 loquitur.
1420 1563 1577 1598 Apostolus
1601 1565 1699 1591 autem
1715 1562 1752 1591 ¹²:
1767 1564 1829 1592 Non

1051 1618 1142 1638 sumus
1152 1612 1324 1644 sufficientes,
1340 1610 1445 1645 inquit,
1461 1611 1579 1644 coqieare
1591 1610 1699 1645 aliquid
1711 1618 1744 1638 ez·
1754 1610 1829 1637 nobis

1051 1658 1194 1692 tanquam
1209 1665 1245 1685 ex
1259 1656 1361 1691 nobis,
1379 1656 1526 1690 subaudi,
1542 1656 1675 1690 bonum,
1691 1657 1738 1684 sed
1752 1658 1830 1691 suffi-

1051 1706 1151 1732 cientia
1166 1708 1258 1731 nostra
1273 1712 1306 1731 em
1321 1706 1372 1730 Deo
1389 1706 1436 1730 est.
1451 1713 1463 1728 u
1476 1703 1629 1738 Sequitur:
1645 1712 1658 1728 «
1669 1704 1742 1730 Cum
1757 1711 1829 1738 ergo

1051 1751 1131 1778 mala
1152 1750 1183 1778 in
1204 1750 1293 1778 corde
1314 1757 1483 1783 versurum,
1503 1752 1604 1776 nostra
1618 1749 1756 1784 cogitatio
1771 1751 1828 1785 cst;

1051 1797 1075 1824 si
1090 1797 1172 1824 hona
1183 1818 1189 1830 ,
1208 1805 1304 1824 sermo
1325 1796 1374 1824 Dei
1390 1798 1441 1823 cst.
1459 1796 1512 1823 illa
1527 1803 1578 1823 cor
1591 1797 1725 1823 nostrum
1741 1795 1828 1832 dicit;

1051 1844 1113 1871 inec
1128 1844 1220 1877 audit,
1231 1843 1254 1870 si
1265 1843 1346 1870 bona
1359 1845 1436 1870 sunt.
1448 1843 1580 1875 Audiam,
1592 1843 1632 1870 ait
1640 1843 1784 1879 Propheta
1797 1844 1829 1879 ¹³,

1052 1892 1119 1926 quid
1141 1892 1267 1926 quuatur·
1287 1892 1316 1917 in
1339 1898 1378 1917 me
1395 1891 1525 1916 Dominus
1544 1891 1629 1922 Deus,
1648 1892 1775 1924 quoniam
1791 1890 1830 1917 lo-

1053 1941 1149 1972 quetur
1163 1946 1255 1972 pacem
1270 1939 1299 1964 in
1313 1937 1411 1972 plebem
1426 1944 1512 1963 suam.
1528 1937 1627 1972 ltaque
1641 1944 1756 1972 pacem,
1771 1936 1830 1973 pie-

1053 1986 1157 2018 tatem,
1179 1984 1320 2019 justitiam
1345 1985 1417 2011 Deus
1439 1983 1470 2010 in
1498 1983 1586 2010 nobis
1609 1983 1752 2019 loquitur,
1775 1991 1830 2011 nec

1053 2031 1123 2059 talia
1137 2039 1192 2059 nos
1207 2031 1371 2065 cogitamus
1391 2038 1427 2057 ex
1442 2029 1544 2064 nobis,
1564 2029 1617 2057 sed
1631 2030 1661 2057 in
1678 2030 1765 2058 nobis
1779 2038 1831 2058 au-

1054 2079 1161 2107 dimus.
1188 2080 1329 2106 Caetcrum
1352 2078 1528 2112 homicidia,
1552 2078 1712 2113 adulteria,
1737 2078 1828 2114 sui-ta,

1054 2125 1264 2162 blasphemiae,
1286 2128 1313 2153 et
1334 2125 1379 2153 his
1401 2125 1526 2159 similia,
1549 2125 1585 2152 dc
1606 2125 1695 2153 eorde
1712 2127 1830 2159 exeunt,

1054 2181 1107 2200 nce
1123 2173 1175 2200 illa
1196 2172 1351 2205 audimus,
1375 2171 1427 2200 sed
1443 2179 1477 2200 ea
1498 2171 1633 2199 dicimus
1647 2181 1661 2198 ι
1675 2172 1828 2207 Sequitur:

1058 2220 1163 2247 «Fiunt
1175 2221 1274 2246 tamen
1289 2218 1471 2254 quandoque
1486 2218 1516 2246 in
1532 2218 1673 2246 cordibus
1689 2218 1709 2235 ¹¹·
1724 2219 1830 2245 immis-

1054 2269 1140 2293 siones
1154 2274 1202 2301 per
1216 2266 1324 2300 anqelos
1341 2266 1441 2299 malos,
1458 2266 1490 2292 ut
1508 2265 1539 2292 in
1554 2273 1605 2292 cor
1620 2265 1701 2293 Judoe
1715 2265 1735 2282 ¹⁵
1752 2264 1830 2292 misit

1055 2313 1210 2348 diabolus,
1227 2315 1295 2346 etc.;
1314 2320 1366 2339 nec
1382 2311 1452 2339 talia
1471 2311 1508 2338 de
1528 2311 1618 2340 corde
1637 2313 1762 2345 exeunt,
1777 2310 1830 2338 sed

1055 2360 1081 2388 ei
1104 2359 1310 2387 immittuntur.
1336 2358 1413 2392 Quid
1441 2360 1539 2386 autem
1563 2358 1593 2386 in
1616 2358 1661 2386 his
1685 2357 1830 2385 tribuatur

1055 2407 1156 2441 cordi,
1169 2406 1218 2434 vel
1233 2404 1306 2441 quid
1319 2404 1411 2440 hosti,
1429 2408 1456 2433 et
1471 2405 1607 2441 quando,
1620 2405 1765 2433 incertum
1787 2405 1830 2432 est

1055 2498 1138 2521 xxxn,
1149 2493 1207 2515 aute
1222 2490 1291 2515 med.
1301 2503 1330 2508 —-
1342 2489 1352 2506 ⁸
1363 2491 1512 2521 1sa.,Lxu1‚
1530 2492 1550 2514 1.
1561 2502 1589 2507 —-
1600 2488 1716 2518 ⁹Matth.‚
1732 2495 1774 2519 xv,
1791 2490 1828 2514 19.

1055 2542 1085 2547 —
1098 2529 1116 2545 ¹⁰
1130 2527 1204 2557 ibid„
1221 2532 1256 2557 ix,
1270 2527 1330 2550 4.—
1343 2527 1361 2543 ¹¹
1376 2527 1458 2555 Joan„
1474 2531 1533 2556 viii,
1548 2526 1622 2549 44.—
1633 2526 1653 2541 ²¹
1668 2526 1687 2549 11
1705 2525 1774 2554 Cor„
1789 2531 1829 2555 iii,

1055 2566 1079 2588 5.
1100 2577 1130 2582 —
1152 2563 1172 2580 ¹³
1190 2562 1258 2586 Psal.
1278 2568 1384 2593 Lxxxiv,
1405 2563 1428 2586 9.
1452 2574 1480 2580 -
1502 2561 1522 2578 ¹⁸
1540 2560 1609 2585 Psal.
1627 2566 1725 2592 Lxxvm
1746 2562 1784 2586 49.
1801 2572 1828 2579 ‹-

1056 2601 1075 2617 ¹⁵
1091 2601 1172 2629 joam,
1187 2604 1244 2629 xiii,
1261 2600 1283 2622 2.

1087 2647 1120 2677 ια)
1138 2645 1197 2669 Coet.
1214 2644 1273 2668 eim.
1289 2643 1424 2668 desideria.
1435 2655 1467 2663 —
1480 2642 1518 2675 (b)
1534 2643 1595 2671 Coet.
1607 2643 1669 2668 edit.
1683 2645 1775 2675 portat.
