2004 3037
713 271 1052 308 CONFESSIONALE.
1073 274 1163 308 GAP.
1185 275 1239 308 111.

168 339 383 378 incendiarius,
398 341 632 371 Christianorum
650 342 750 370 careat
770 341 943 378 sepultura3

167 395 223 417 nec
235 388 425 424 absolvatur,
437 389 495 418 nisi
505 389 590 426 prius
602 387 730 424 damno,
742 387 791 416 cui
801 387 943 424 intulerit,

166 435 334 464 secundum
351 435 522 464 facultatem
543 443 629 464 suam
648 435 788 464 resarcito
803 443 812 464 :
827 437 857 464 et
866 435 946 472 juret

167 490 198 511 se
210 482 312 518 ignem
324 483 364 512 de
377 485 482 512 caetero
493 490 556 511 non
569 483 787 519 appositurum.
801 482 944 511 Poeniten-

166 529 208 558 tia
220 532 320 558 autem
333 529 362 558 ei
375 529 476 564 detur,
487 530 521 558 ut
533 529 757 566 Hierosolymis,
774 529 869 558 autin
884 529 943 559 llis-

165 576 269 613 pania,
284 576 316 605 in
329 575 450 604 servitio
459 575 510 604 Dei
521 583 576 612 per
591 584 706 604 annum
717 575 866 612 integrm
876 584 942 613 per-

165 625 293 652 maneat.
308 623 337 652 Si
351 623 419 660 quis
433 625 534 652 autem
545 622 786 660 archiepiscopus
800 623 849 652 vel
863 623 941 660 epis-

165 679 259 709 copus
284 671 344 700 hoc
362 671 554 707 relaxaverit,
573 671 719 699 damnum
739 671 895 706 restituat,
913 674 942 701 et

163 725 218 754 per
229 725 342 746 annum
356 718 395 747 ab
410 718 574 755 episcopali
585 717 685 746 officio
695 718 849 746 abstineat.
865 719 940 747 Sane

163 764 299 800 regibus,
317 767 346 794 et
367 765 568 802 principibus,
591 765 735 793 faciendae
755 765 875 801 justitiae
893 765 939 794 fa-

163 810 317 847 cultatem,
331 812 473 840 consultis
486 811 716 848 archiepiscopis
732 813 762 840 et
780 812 939 849 episcopis,

162 865 225 886 non
238 866 394 894 negamus.
409 869 422 885 n
442 860 507 887 Haec
521 867 627 887 canon.

200 905 291 934 Hodie
305 908 463 942 postquam
481 905 624 942 publicati
638 907 722 942 sunt,
737 914 800 934 non
814 909 941 942 possunt

163 952 280 981 absolvi
308 952 381 981 citra
405 953 509 981 sedem
536 953 737 989 Apostolicam
763 955 872 988 Extra„
901 953 939 982 de

162 1001 236 1027 sent.
249 1002 382 1034 Excom„
397 1008 422 1027 c.
436 1001 495 1027 Tua
508 1007 565 1027 nos.
580 1009 595 1026 11
612 1002 721 1036 Appar.
738 1009 746 1028 :
761 1010 776 1027 u
789 1001 864 1034 Quia
877 1000 940 1029 haec

161 1053 224 1074 non
237 1045 436 1082 distinguitur,
452 1047 490 1074 de
502 1047 643 1074 omnibus
656 1047 814 1082 intelligas.
829 1048 939 1075 Tamen

150 1100 224 1120 ·non
235 1093 341 1128 credo,
358 1093 442 1129 quod
456 1101 561 1121 omnes
574 1093 750 1122 incendiarii
762 1094 939 1129 generaliter

161 1142 229 1167 sunt
246 1141 311 1176 ipso
331 1141 398 1176 jure
422 1141 690 1174 excommunicati,
704 1141 762 1168 nisi
784 1141 938 1170 (161116611-

161 1185 263 1214 diariis
275 1187 477 1221 ecclesiarum,
488 1195 557 1215 cum
567 1187 604 1215 de
615 1188 680 1215 aliis
696 1196 758 1216 non
775 1188 938 1224 inveniam,

161 1235 190 1261 et
202 1241 256 1269 per
277 1233 355 1261 hanc
378 1233 557 1262 decretalem
579 1234 741 1270 probatur,
764 1234 848 1271 quod
871 1235 938 1271 ipso

159 1280 224 1316 jure
239 1282 307 1308 sunt
321 1281 568 1309 excommunicati
578 1291 588 1316 ;
608 1281 661 1309 sed
685 1281 743 1309 illis
765 1282 864 1318 primo
889 1290 939 1311 ex-

161 1327 385 1356 communicatis
403 1327 441 1356 311
466 1328 612 1364 episcopis
632 1329 791 1357 subsecuta
805 1328 938 1365 publica-

159 1373 239 1402 tione
253 1376 283 1402 et
301 1373 644 1411 denuntiationest‘apa
666 1384 720 1412 per
740 1376 818 1404 hanc
839 1376 938 1404 decre-

160 1420 250 1448 talem
272 1421 329 1449 sibi
357 1424 487 1450 reservat
514 1430 619 1450 eorum
649 1423 869 1451 absolutionem
898 1424 937 1451 ad

159 1469 313 1495 terrorem.
329 1478 344 1494 »
360 1469 425 1496 Haec
439 1471 548 1504 Appar.
567 1469 779 1505 Raymundus,
797 1472 826 1497 et
841 1470 937 1497 Redo-

158 1522 227 1542 nen.
249 1516 364 1542 tantum
383 1515 552 1551 intelligunt
573 1515 610 1543 de
633 1516 823 1544 incendiariis
837 1524 937 1544 sacro-

157 1569 226 1589 rum
239 1561 387 1589 locorum.
402 1562 565 1590 Gansredus
581 1562 663 1597 dicit,
675 1563 760 1598 quod
774 1563 936 1599 Episcopus

158 1610 256 1644 potest
275 1608 494 1636 incendiarium
513 1610 774 1638 excommunicare
786 1631 794 1644 ,
808 1610 862 1638 sed
873 1618 936 1638 non

157 1655 315 1683 absolvere
326 1676 336 1691 ,
352 1658 512 1692 postquam
530 1655 618 1684 fuerit
637 1656 826 1685 denuntiatus
844 1667 850 1686 ;
866 1666 935 1686 cum

157 1710 219 1738 quo
235 1703 397 1731 concordat
415 1705 518 1731 textus.
535 1705 599 1731 llaec
622 1704 778 1732 Decretalis
798 1707 826 1733 et
839 1707 936 1741 Appa-

157 1751 250 1784 ratus,
267 1752 295 1778 et
309 1750 449 1786 copiose,
465 1752 493 1778 et
507 1750 575 1777 ideo
589 1751 685 1786 magis
699 1751 725 1779 ei
742 1751 842 1780 credo.

403 1829 584 1853 PARTICL‘LA
601 1829 690 1854 XLlV.

212 1882 248 1906 De
265 1882 416 1913 poenitentia
433 1884 645 1908 communicantis
663 1891 722 1908 cum
736 1885 868 1911 haeretico.

190 1937 337 1972 vigesima
359 1940 464 1974 quarta
478 1959 486 1973 ,
511 1940 672 1975 quaestione
695 1941 794 1976 prima
808 1963 816 1976 ,
839 1942 932 1970 Julius

154 1986 232 2022 Papa
246 1995 252 2013 :
268 1996 281 2011 (ι
294 1985 322 2014 Si
337 1986 404 2021 quis
419 1986 546 2021 dederit,
559 1987 608 2014 vel
630 1989 775 2023 acceperit
796 1996 932 2016 commu-

153 2033 275 2060 nionem
297 2033 334 2060 de
356 2041 448 2060 manu
467 2033 613 2067 haeretici,
629 2036 657 2060 et
675 2035 766 2062 nescit
781 2035 863 2070 quod
877 2037 930 2063 Ec-

153 2079 243 2107 clesia
257 2079 401 2107 catholica
419 2080 610 2114 contradicit,
625 2082 729 2116 pOstea
744 2081 928 2117 intelligens,

153 2134 266 2154 annum
290 2126 439 2162 integrum
461 2127 611 2162 poeniteat.
637 2126 666 2154 Si
689 2130 790 2154 autem
810 2128 877 2162 scit,
903 2132 931 2156 et

152 2173 295 2209 neglexit,
311 2176 338 2201 et
358 2176 462 2209 postea
476 2173 679 2209 poenitentiam
700 2173 806 2208 egerit,
825 2174 930 2202 decem

151 2228 246 2248 annos
256 2220 404 2256 poeniteat.
416 2220 614 2255 Aliijudicant
629 2223 752 2256 septem,
767 2224 794 2248 et
807 2221 930 2256 quidem

151 2268 325 2301 humanius,
342 2268 374 2294 ut
392 2268 524 2302 quinque
543 2275 636 2295 3111105
652 2267 797 2302 poeniteat.
814 2268 841 2294 si
862 2268 929 2303 quis

150 2314 317 2350 permiserit
336 2314 506 2341 hoereticum
527 2313 644 2341 Missam
667 2322 753 2341 suam
777 2314 928 2343 celebrare

151 2361 182 2388 in
198 2361 325 2389 Ecclesia
348 2360 510 2394 catholica,
529 2363 557 2388 et
580 2361 672 2388 nescit
691 2367 713 2395 ¹,
730 2361 929 2396 quadraginta

152 2408 214 2436 dies
228 2408 379 2444 poeniteat.
401 2408 428 2435 Si
451 2415 506 2443 pro
528 2408 690 2435 reverentia
713 2408 791 2442 ejus,
814 2416 927 2436 annum

152 2454 297 2490 integrum
312 2455 462 2490 poeniteat.
476 2454 504 2481 Si
517 2462 572 2489 pro
589 2454 779 2482 damnatione
791 2455 925 2483 Ecclesiae

152 2501 318 2535 catholicae,
333 2503 362 2529 et
382 2500 604 2528 consuetudinis
620 2501 839 2535 Romanorum,
855 2510 926 2538 pro·

148 2546 265 2581 jiciatur
284 2547 322 2574 ab
345 2547 473 2575 Ecclesia
496 2547 570 2574 sicut
587 2547 741 2575 haereticus
756 2570 764 2583 ,
790 2548 846 2576 nisi
871 2549 924 2576 ha-

150 2593 219 2620 heat
247 2593 466 2628 poenitentiam3
491 2593 515 2620 si
541 2593 678 2621 habuerit
700 2595 923 2630 poeniteutiam,

151 2639 254 2667 decem
270 2639 355 2667 annis
368 2641 518 2675 poeniteat.
534 2641 562 2668 Si
577 2641 728 2669 recesserit
742 2641 781 2669 ab
797 2642 925 2670 Ecclesia

183 2704 190 2720 ¹
204 2703 306 2727 Scilicet
316 2702 460 2734 ignorantia
467 2703 543 2735 juris,
554 2704 594 2727 vel
604 2704 747 2736 ignorantia
759 2705 818 2729 faeti
829 2713 922 2730 crassa.

149 2752 179 2756 —
196 2739 207 2755 ²
221 2738 322 2763 Scilicet
340 2738 553 2770 catechumenos,
574 2740 618 2771 qui
635 2740 695 2764 olim
713 2741 849 2765 audiebant
863 2741 923 2765 Mis-

1722 283 1780 314 377

1001 342 1148 372 catholica
1166 343 1198 372 in
1217 345 1482 382 congregationem
1504 346 1729 384 him-eticorum,
1752 351 1782 378 et

1002 388 1078 418 alios
1091 392 1288 428 persuaserit,
1303 395 1334 421 et
1355 394 1461 430 postea
1482 394 1689 431 poenitentiam
1712 403 1782 432 ege-

999 436 1056 471 rit,
1071 436 1233 467 duodecim
1251 439 1338 468 annis
1351 440 1507 476 poeniteat,
1520 442 1579 470 tres
1592 444 1675 471 extra
1688 443 1782 472 eccle-

999 483 1089 519 siam,
1104 487 1216 521 septem
1230 486 1306 515 inter
1320 486 1475 516 audientes
1488 487 1500 504 ²
1513 508 1524 522 ,
1539 489 1569 516 et
1589 488 1667 518 duos
1681 489 1780 519 adhuc

1000 532 1083 559 extra
1103 532 1358 562 communionem.
1374 534 1415 562 De
1432 534 1480 563 his
1491 534 1533 563 ita
1547 535 1580 563 in
1595 543 1711 565 canone
1733 537 1779 566 di-

998 578 1089 613 citur,
1103 581 1136 607 ut
1149 578 1331 609 duodecimo
1346 588 1442 616 anno,
1457 583 1703 612 communionem
1715 584 1779 613 sine

999 624 1152 654 oblatione
1170 627 1347 664 percipiant.
1363 637 1378 655 »1
1393 629 1457 657 floec
1471 636 1580 658 canon.

1248 712 1430 738 PARTlCL'LA
1449 713 1528 740 XLV·

997 766 1035 791 De
1051 767 1205 798 poenitentia
1228 767 1298 800 ejus,
1315 769 1360 800 qui
1377 770 1510 801 cognoscit
1527 769 1592 795 duas
1608 777 1722 803 sorores,
1737 773 1778 797 vel

1107 805 1216 828 matrem
1227 805 1253 828 et
1266 804 1354 836 filiam,
1369 805 1484 836 amitam,
1499 806 1539 830 vet
1553 808 1666 839 neptem.

1031 863 1345 899 Trigesimasecunda,
1360 873 1390 902 q.
1415 873 1457 894 vn
1467 887 1476 902 ,
1501 875 1539 895 ex
1561 868 1777 904 moguntinensi

996 910 1122 937 concilio
1139 919 1147 938 :
1165 920 1179 936 11
1193 911 1222 939 Si
1234 911 1301 947 quis
1316 912 1442 940 viduam
1455 921 1584 942 uxorem
1599 914 1733 950 duxerit,
1749 918 1778 944 et

993 958 1098 992 postea
1116 965 1186 985 cum
1205 957 1328 987 filiastra
1346 967 1401 988 sua
1422 959 1586 989 fornicatus
1605 961 1710 996 fuerit,
1723 970 1777 991 seu

995 1011 1065 1031 cum
1079 1003 1198 1032 duabus
1210 1005 1381 1040 sororibus,
1395 1009 1446 1034 aut
1459 1007 1484 1034 si
1499 1015 1559 1043 qua
1573 1016 1643 1036 cum
1655 1009 1776 1038 duobus

994 1049 1152 1085 fratribus,
1168 1059 1222 1079 5611
1237 1060 1306 1080 611111
1327 1056 1411 1089 patre
1433 1055 1462 1082 et
1475 1053 1557 1090 filio,
1571 1055 1596 1082 si
1610 1055 1678 1092 quis
1691 1056 1777 1084 relic-

994 1098 1056 1124 tam
1071 1097 1185 1132 t'ratris,
1199 1098 1224 1125 si
1242 1099 1308 1134 quis
1322 1107 1484 1128 novercam
1499 1103 1550 1128 aut
1570 1104 1711 1138 neptem,
1725 1105 1776 1131 aut

993 1151 1119 1178 nurum,
1134 1147 1185 1172 aut
1200 1145 1429 1180 consobrinam,
1445 1149 1496 1175 aut
1509 1147 1604 1176 filiam
1617 1149 1774 1184 avunculi,

994 1194 1044 1218 aut
1059 1191 1122 1226 ejus
1136 1191 1285 1227 relictam,
1301 1194 1352 1220 aut
1366 1193 1539 1229 privignam
1552 1195 1708 1231 polluerit,
1722 1204 1774 1224 eos

994 1236 1142 1273 disjungi,
1159 1240 1187 1266 et
1200 1239 1326 1266 ulterius
1344 1247 1503 1276 nunquam
1522 1241 1664 1278 conjugio
1682 1250 1776 1279 copu-

993 1283 1049 1311 lari
1063 1284 1261 1321 praecipimus.
1276 1296 1290 1312 »
1305 1287 1369 1314 Haec
1381 1294 1489 1315 canon.

1239 1370 1422 1395 PARTICL'LA
1441 1371 1516 1396 XLV!
1523 1390 1528 1395 .

993 1425 1031 1449 De
1045 1425 1198 1457 paenitentia
1211 1427 1279 1458 ejus,
1298 1428 1342 1459 qui
1356 1436 1416 1453 cnm
1434 1430 1516 1454 brutis
1532 1431 1622 1457 coierit
1633 1451 1641 1463 ,
1655 1432 1700 1456 ubi
1716 1434 1779 1458 nota

1152 1463 1279 1488 rationem
1293 1465 1429 1495 septennis
1442 1467 1614 1497 poenitentiae.

1030 1522 1294 1558 Trigesimatertia,
1310 1533 1340 1560 q.
1361 1533 1399 1560 11,
1422 1526 1551 1554 isidorus
1573 1527 1611 1555 ad
1625 1529 1777 1557 Massonem

993 1569 1159 1604 Episcopum
1175 1578 1182 1597 :
1202 1580 1216 1596 u
1233 1571 1291 1598 Hoc
1306 1571 1421 1606 ipsum,
1440 1573 1525 1608 quod
1540 1582 1691 1602 canonum
1705 1583 1776 1603 cen-

991 1622 1061 1642 sura
1071 1635 1081 1648 ,
1096 1618 1164 1651 post
1177 1619 1292 1652 septem
1310 1625 1406 1646 annos
1426 1627 1560 1648 remeare
1583 1622 1776 1656 poenitentem

990 1661 1022 1689 in
1045 1664 1154 1690 statum
1180 1663 1340 1699 pristinum
1364 1666 1498 1702 praecipit
1506 1686 1516 1700 ,
1542 1675 1605 1695 non
1630 1668 1774 1697 electione

991 1709 1107 1744 proprii
1119 1709 1233 1737 arbitrii
1244 1712 1336 1739 sancti
1351 1714 1464 1747 patres,
1478 1713 1532 1740 sed
1545 1714 1645 1749 potius
1660 1723 1697 1743 ex
1709 1723 1775 1743 sen-

990 1755 1080 1783 tentia
1095 1755 1192 1783 divini
1209 1757 1320 1792 judicis
1334 1761 1504 1787 sanxerunt.
1523 1761 1597 1788 Nam
1620 1761 1728 1796 legitur
1743 1763 1772 1796 ³,

991 1802 1076 1837 quod
1088 1803 1178 1830 Maria
1191 1811 1276 1832 soror
1290 1807 1389 1832 Aaron
1402 1806 1589 1841 prophetissa
1598 1828 1608 1841 ,
1631 1808 1705 1836 dum
1719 1809 1771 1837 de·

988 1849 1139 1877 tractionis
1148 1850 1290 1878 adversus
1301 1853 1430 1888 Moysem
1442 1852 1611 1881 incurrisset
1617 1854 1769 1891 delictum,

987 1895 1070 1923 illico
1086 1896 1224 1931 stigmate
1238 1897 1328 1933 leprae
1342 1907 1483 1934 percussa
1499 1902 1551 1928 est.
1569 1901 1704 1937 Cumque
1717 1911 1770 1939 pe:

987 1943 1061 1969 teret
1087 1944 1202 1979 Moyses
1231 1946 1264 1971 ut
1290 1946 1518 1980 emundaretur,
1541 1949 1680 1984 praecepit
1703 1957 1770 1977 eam

988 1989 1131 2016 Dominus
1148 1992 1230 2017 extra
1245 1993 1339 2018 castra
1353 1995 1468 2027 septem
1484 1993 1590 2021 diebus
1605 1995 1725 2029 egredi,
1741 1998 1770 2023 et

985 2037 1053 2070 post
1075 2036 1320 2064 emundationem
1343 2046 1446 2065 rursus
1471 2047 1538 2066 eam
1560 2040 1591 2067 in
1612 2044 1706 2069 castra
1718 2043 1769 2069 ad-

986 2081 1073 2108 mitti.
1088 2082 1178 2109 Maria
1192 2091 1264 2110 vero
1283 2092 1369 2111 soror
1382 2089 1497 2119 Aaron,
1513 2094 1582 2114 caro
1596 2087 1769 2123 intelligitur

986 2128 1148 2155 sacerdotis
1158 2150 1166 2162 ,
1184 2137 1250 2164 quae
1265 2130 1338 2157 dum
1350 2131 1496 2166 superbiae
1512 2133 1612 2161 dedita
1627 2135 1768 2163 sordidis-

986 2174 1068 2201 simis
1091 2175 1304 2209 cogitationum
1325 2178 1491 2206 maculatur
1505 2180 1650 2216 contagiis
1661 2201 1670 2214 ‚
1685 2184 1768 2210 extra

986 2224 1095 2255 castra,
1111 2225 1224 2257 septem
1246 2222 1368 2257 diebus,
1384 2224 1416 2252 id
1437 2228 1494 2259 est,
1510 2229 1592 2254 extra
1606 2228 1767 2263 collegium

984 2270 1092 2295 sanctae
1115 2269 1249 2296 Ecclesiae
1272 2273 1387 2306 septem
1412 2273 1498 2299 annis
1521 2274 1691 2309 projicitur,
1713 2275 1766 2303 uhi

984 2317 1051 2349 post
1065 2315 1304 2344 emendationem
1320 2317 1472 2353 vitiorum,
1485 2319 1560 2354 loci,
1574 2321 1620 2348 vel
1635 2321 1765 2357 pristiuae

984 2360 1134 2395 dignitatis
1157 2363 1280 2398 recipiat
1302 2365 1451 2392 meritum.
1470 2376 1483 2390 ι)
1502 2368 1533 2394 Et
1556 2369 1624 2403 post
1642 2376 1739 2403 pauca
1755 2377 1762 2396 :

986 2417 999 2431 «
1018 2409 1049 2434 In
1071 2408 1131 2435 fine
1154 2412 1253 2437 autem
1275 2411 1406 2446 epistolae
1421 2413 1478 2440 hoc
1495 2413 1697 2448 adjiciendum
1712 2423 1783 2453 puy

983 2454 1058 2488 tavi,
1078 2457 1110 2482 ut
1132 2456 1375 2493 quotiescumque
1400 2458 1429 2485 in
1452 2460 1541 2494 gestis
1567 2461 1764 2488 conciliorum

982 2501 1096 2529 discors
1111 2505 1254 2531 sententia
1270 2504 1434 2540 invenitur,
1444 2506 1523 2534 illius
1536 2508 1632 2542 magis
1647 2511 1762 2536 senten-

981 2548 1022 2575 tia
1045 2550 1194 2584 teneatur,
1210 2551 1294 2585 cujus
1318 2552 1489 2588 antiquior,
1511 2556 1539 2581 et
1561 2555 1661 2590 potior
1684 2558 1763 2583 extat

981 2596 1149 2623 auctoritas.
1164 2606 1178 2622 »
1194 2598 1259 2624 Haec
1273 2606 1382 2626 canon.

980 2677 1034 2694 sam
1050 2677 1129 2701 usque
1144 2671 1176 2694 ad
1190 2674 1315 2695 secretam
1331 2673 1426 2702 Missae,
1445 2676 1469 2697 et
1491 2676 1580 2704 postea
1595 2675 1760 2705 expelleban-

980 2708 1022 2729 tur
1037 2706 1078 2729 (de
1095 2707 1253 2737 consecrat„
1270 2708 1355 2732 di-tin.
1371 2711 1393 2739 f,
1409 2716 1431 2732 r.
1444 2710 1579 2741 Esiscopus
1592 2710 1712 2736 nulhcm'.
1726 2712 1760 2736 tta

981 2743 1076 2772 Appar.
1092 2755 1123 2759 —
1139 2743 1149 2758 ³
1164 2743 1250 2769 Num..
1268 2750 1276 2767 t·
1288 2750 1313 2773 ¹1,
1331 2747 1366 2768 Η.
