<?xml version="1.0" encoding="UTF-8"?>
<!DOCTYPE html PUBLIC "-//W3C//DTD XHTML 1.0 Transitional//EN"
    "http://www.w3.org/TR/xhtml1/DTD/xhtml1-transitional.dtd">
<html xmlns="http://www.w3.org/1999/xhtml" xml:lang="en" lang="en">
 <head>
  <title>
</title>
<meta http-equiv="Content-Type" content="text/html;charset=utf-8" />
  <meta name='ocr-system' content='tesseract 3.04.00' />
  <meta name='ocr-capabilities' content='ocr_page ocr_carea ocr_par ocr_line ocrx_word'/>
</head>
<body>
  <div class='ocr_page' id='page_1' title='image "./operaomniasixtiv08bonauoft/operaomniasixtiv08bonauoft_0572.png"; bbox 0 0 2004 3037; ppageno 0'>
   <div class='ocr_carea' id='block_1_1' title="bbox 192 194 254 230">
    <p class='ocr_par' dir='ltr' id='par_1_1' title="bbox 192 194 254 230">
     <span class='ocr_line' id='line_1_1' title="bbox 192 194 254 230; baseline 0.032 -2"><span class='ocrx_word' id='word_1_1' title='bbox 192 194 254 230; x_wconf 70' lang='lat'><strong>650</strong></span> 
     </span>
    </p>
   </div>
   <div class='ocr_carea' id='block_1_2' title="bbox 160 264 974 2706">
    <p class='ocr_par' dir='ltr' id='par_1_2' title="bbox 193 264 974 442">
     <span class='ocr_line' id='line_1_2' title="bbox 208 264 972 304; baseline 0.004 -10"><span class='ocrx_word' id='word_1_2' title='bbox 208 284 211 287; x_wconf 80' lang='lat'><em>,</em></span> <span class='ocrx_word' id='word_1_3' title='bbox 230 266 319 294; x_wconf 79' lang='lat' dir='ltr'><strong>Jonas</strong></span> <span class='ocrx_word' id='word_1_4' title='bbox 335 264 439 302; x_wconf 80' lang='lat' dir='ltr'><strong>sugere</strong></span> <span class='ocrx_word' id='word_1_5' title='bbox 456 265 552 295; x_wconf 87' lang='lat' dir='ltr'><strong>voluit</strong></span> <span class='ocrx_word' id='word_1_6' title='bbox 564 273 584 296; x_wconf 83' lang='lat' dir='ltr'><strong>a</strong></span> <span class='ocrx_word' id='word_1_7' title='bbox 600 265 676 295; x_wconf 79' lang='lat' dir='ltr'><strong>faeie</strong></span> <span class='ocrx_word' id='word_1_8' title='bbox 697 266 829 302; x_wconf 88' lang='lat' dir='ltr'><strong>Domini,</strong></span> <span class='ocrx_word' id='word_1_9' title='bbox 847 268 972 304; x_wconf 83' lang='lat' dir='ltr'><strong>quando</strong></span> 
     </span>
     <span class='ocr_line' id='line_1_3' title="bbox 195 311 974 350; baseline 0.005 -10"><span class='ocrx_word' id='word_1_10' title='bbox 195 312 334 349; x_wconf 73' lang='lat' dir='ltr'><strong>praecepit</strong></span> <span class='ocrx_word' id='word_1_11' title='bbox 348 311 375 341; x_wconf 89' lang='lat' dir='ltr'><strong>ei</strong></span> <span class='ocrx_word' id='word_1_12' title='bbox 386 312 550 350; x_wconf 77' lang='lat' dir='ltr'><strong>praedicare</strong></span> <span class='ocrx_word' id='word_1_13' title='bbox 562 313 712 350; x_wconf 80' lang='lat' dir='ltr'><strong>Ninivitis3</strong></span> <span class='ocrx_word' id='word_1_14' title='bbox 727 315 756 342; x_wconf 88' lang='lat' dir='ltr'><strong>et</strong></span> <span class='ocrx_word' id='word_1_15' title='bbox 777 314 974 350; x_wconf 87' lang='lat' dir='ltr'><strong>postmodum</strong></span> 
     </span>
     <span class='ocr_line' id='line_1_4' title="bbox 194 358 973 399; baseline 0.006 -13"><span class='ocrx_word' id='word_1_16' title='bbox 194 358 300 394; x_wconf 89' lang='lat' dir='ltr'><strong>doluit,</strong></span> <span class='ocrx_word' id='word_1_17' title='bbox 310 359 434 396; x_wconf 89' lang='lat' dir='ltr'><strong>quando</strong></span> <span class='ocrx_word' id='word_1_18' title='bbox 443 359 520 389; x_wconf 85' lang='lat' dir='ltr'><strong>vidit</strong></span> <span class='ocrx_word' id='word_1_19' title='bbox 526 360 611 397; x_wconf 86' lang='lat' dir='ltr'><strong>quod</strong></span> <span class='ocrx_word' id='word_1_20' title='bbox 625 359 727 390; x_wconf 81' lang='lat' dir='ltr'><strong>civitas</strong></span> <span class='ocrx_word' id='word_1_21' title='bbox 737 361 823 398; x_wconf 85' lang='lat' dir='ltr'><strong>juxta</strong></span> <span class='ocrx_word' id='word_1_22' title='bbox 835 361 879 398; x_wconf 91' lang='lat' dir='ltr'><strong>id,</strong></span> <span class='ocrx_word' id='word_1_23' title='bbox 887 362 973 399; x_wconf 87' lang='lat' dir='ltr'><strong>quod</strong></span> 
     </span>
     <span class='ocr_line' id='line_1_5' title="bbox 193 405 791 442; baseline 0.005 -8"><span class='ocrx_word' id='word_1_24' title='bbox 193 405 380 442; x_wconf 72' lang='lat' dir='ltr'><strong>praedixerat,</strong></span> <span class='ocrx_word' id='word_1_25' title='bbox 394 414 457 436; x_wconf 90' lang='lat' dir='ltr'><strong>non</strong></span> <span class='ocrx_word' id='word_1_26' title='bbox 467 407 583 436; x_wconf 86' lang='lat' dir='ltr'><strong>ruebat.</strong></span> <span class='ocrx_word' id='word_1_27' title='bbox 597 408 672 442; x_wconf 77' lang='lat' dir='ltr'><strong>Jen.¹</strong></span> <span class='ocrx_word' id='word_1_28' title='bbox 686 416 697 437; x_wconf 87' lang='lat'>1</span> <span class='ocrx_word' id='word_1_29' title='bbox 710 410 739 437; x_wconf 90' lang='lat' dir='ltr'><strong>et</strong></span> <span class='ocrx_word' id='word_1_30' title='bbox 751 416 791 437; x_wconf 77' lang='grc' dir='ltr'><strong>ιν.</strong></span> 
     </span>
    </p>

    <p class='ocr_par' dir='ltr' id='par_1_3' title="bbox 194 453 974 680">
     <span class='ocr_line' id='line_1_6' title="bbox 229 453 972 492; baseline 0.007 -11"><span class='ocrx_word' id='word_1_31' title='bbox 229 453 303 481; x_wconf 90' lang='lat' dir='ltr'><strong>Cum</strong></span> <span class='ocrx_word' id='word_1_32' title='bbox 319 453 495 482; x_wconf 79' lang='lat' dir='ltr'><strong>ostendisset</strong></span> <span class='ocrx_word' id='word_1_33' title='bbox 509 454 653 483; x_wconf 83' lang='lat' dir='ltr'><strong>Dominus</strong></span> <span class='ocrx_word' id='word_1_34' title='bbox 665 454 818 492; x_wconf 84' lang='lat' dir='ltr'><strong>discipulis</strong></span> <span class='ocrx_word' id='word_1_35' title='bbox 833 457 972 492; x_wconf 81' lang='lat' dir='ltr'><strong>oportere</strong></span> 
     </span>
     <span class='ocr_line' id='line_1_7' title="bbox 195 499 974 539; baseline 0.008 -13"><span class='ocrx_word' id='word_1_36' title='bbox 195 506 266 527; x_wconf 86' lang='lat' dir='ltr'><strong>eum</strong></span> <span class='ocrx_word' id='word_1_37' title='bbox 285 499 379 529; x_wconf 83' lang='lat' dir='ltr'><strong>multa</strong></span> <span class='ocrx_word' id='word_1_38' title='bbox 393 501 455 537; x_wconf 82' lang='lat' dir='ltr'><strong>pati</strong></span> <span class='ocrx_word' id='word_1_39' title='bbox 479 509 497 530; x_wconf 84' lang='lat' dir='ltr'><strong>a</strong></span> <span class='ocrx_word' id='word_1_40' title='bbox 511 501 697 539; x_wconf 88' lang='lat' dir='ltr'><strong>principibus</strong></span> <span class='ocrx_word' id='word_1_41' title='bbox 721 502 923 538; x_wconf 82' lang='lat' dir='ltr'><strong>sacerdotum,</strong></span> <span class='ocrx_word' id='word_1_42' title='bbox 944 505 974 532; x_wconf 87' lang='lat' dir='ltr'><strong>et</strong></span> 
     </span>
     <span class='ocr_line' id='line_1_8' title="bbox 194 546 972 585; baseline 0.005 -10"><span class='ocrx_word' id='word_1_43' title='bbox 194 546 313 583; x_wconf 89' lang='lat' dir='ltr'><strong>occidi,</strong></span> <span class='ocrx_word' id='word_1_44' title='bbox 328 549 430 577; x_wconf 83' lang='lat' dir='ltr'><strong>Petrus</strong></span> <span class='ocrx_word' id='word_1_45' title='bbox 444 549 533 585; x_wconf 82' lang='lat' dir='ltr'><strong>coepit</strong></span> <span class='ocrx_word' id='word_1_46' title='bbox 552 548 719 585; x_wconf 72' lang='lat' dir='ltr'><strong>inerepare,</strong></span> <span class='ocrx_word' id='word_1_47' title='bbox 729 549 830 585; x_wconf 88' lang='lat' dir='ltr'><strong>illum,</strong></span> <span class='ocrx_word' id='word_1_48' title='bbox 846 550 948 579; x_wconf 85' lang='lat' dir='ltr'><strong>dicens</strong></span> <span class='ocrx_word' id='word_1_49' title='bbox 963 559 972 579; x_wconf 88' lang='lat'>=</span> 
     </span>
     <span class='ocr_line' id='line_1_9' title="bbox 195 593 972 633; baseline 0.005 -11"><span class='ocrx_word' id='word_1_50' title='bbox 195 603 210 621; x_wconf 74' lang='grc' dir='ltr'>α</span> <span class='ocrx_word' id='word_1_51' title='bbox 227 593 311 624; x_wconf 79' lang='lat' dir='ltr'><strong>Absit</strong></span> <span class='ocrx_word' id='word_1_52' title='bbox 329 603 348 624; x_wconf 87' lang='lat' dir='ltr'><strong>a</strong></span> <span class='ocrx_word' id='word_1_53' title='bbox 366 597 411 630; x_wconf 81' lang='lat' dir='ltr'><strong>te,</strong></span> <span class='ocrx_word' id='word_1_54' title='bbox 425 595 564 631; x_wconf 88' lang='lat' dir='ltr'><strong>Domine,</strong></span> <span class='ocrx_word' id='word_1_55' title='bbox 582 603 645 625; x_wconf 92' lang='lat' dir='ltr'><strong>non</strong></span> <span class='ocrx_word' id='word_1_56' title='bbox 663 596 718 625; x_wconf 86' lang='lat' dir='ltr'><strong>erit</strong></span> <span class='ocrx_word' id='word_1_57' title='bbox 732 596 785 625; x_wconf 83' lang='lat' dir='ltr'><strong>tibi</strong></span> <span class='ocrx_word' id='word_1_58' title='bbox 799 597 868 633; x_wconf 87' lang='lat' dir='ltr'><strong>hoc,</strong></span> <span class='ocrx_word' id='word_1_59' title='bbox 883 606 900 625; x_wconf 66' lang='lat' dir='ltr'><strong>r</strong></span> <span class='ocrx_word' id='word_1_60' title='bbox 915 599 972 627; x_wconf 89' lang='lat' dir='ltr'><strong>etc.</strong></span> 
     </span>
     <span class='ocr_line' id='line_1_10' title="bbox 194 643 385 680; baseline 0.005 -9"><span class='ocrx_word' id='word_1_61' title='bbox 194 643 308 680; x_wconf 72' lang='lat' dir='ltr'><strong>Matth„</strong></span> <span class='ocrx_word' id='word_1_62' title='bbox 323 651 385 673; x_wconf 80' lang='lat' dir='ltr'><strong>xvr.</strong></span> 
     </span>
    </p>

    <p class='ocr_par' dir='ltr' id='par_1_4' title="bbox 191 691 974 1201">
     <span class='ocr_line' id='line_1_11' title="bbox 228 691 973 728; baseline 0.004 -9"><span class='ocrx_word' id='word_1_63' title='bbox 228 691 352 720; x_wconf 85' lang='lat' dir='ltr'><strong>Multum</strong></span> <span class='ocrx_word' id='word_1_64' title='bbox 372 691 509 720; x_wconf 85' lang='lat' dir='ltr'><strong>zelabant</strong></span> <span class='ocrx_word' id='word_1_65' title='bbox 528 691 664 720; x_wconf 61' lang='lat' dir='ltr'><strong>Pharisaei</strong></span> <span class='ocrx_word' id='word_1_66' title='bbox 686 699 742 728; x_wconf 90' lang='lat' dir='ltr'><strong>pro</strong></span> <span class='ocrx_word' id='word_1_67' title='bbox 764 692 973 722; x_wconf 88' lang='lat' dir='ltr'><strong>observatione</strong></span> 
     </span>
     <span class='ocr_line' id='line_1_12' title="bbox 194 738 974 776; baseline 0.003 -9"><span class='ocrx_word' id='word_1_68' title='bbox 194 738 323 774; x_wconf 85' lang='lat' dir='ltr'><strong>sabbati,</strong></span> <span class='ocrx_word' id='word_1_69' title='bbox 334 739 457 776; x_wconf 84' lang='lat' dir='ltr'><strong>quando</strong></span> <span class='ocrx_word' id='word_1_70' title='bbox 466 739 611 768; x_wconf 88' lang='lat' dir='ltr'><strong>videbant</strong></span> <span class='ocrx_word' id='word_1_71' title='bbox 622 740 782 768; x_wconf 90' lang='lat' dir='ltr'><strong>Dominum</strong></span> <span class='ocrx_word' id='word_1_72' title='bbox 796 739 845 768; x_wconf 89' lang='lat' dir='ltr'><strong>die</strong></span> <span class='ocrx_word' id='word_1_73' title='bbox 859 739 911 769; x_wconf 84' lang='lat' dir='ltr'><strong>illa</strong></span> <span class='ocrx_word' id='word_1_74' title='bbox 925 748 974 769; x_wconf 89' lang='lat' dir='ltr'><strong>cu-</strong></span> 
     </span>
     <span class='ocr_line' id='line_1_13' title="bbox 193 785 973 822; baseline 0.004 -9"><span class='ocrx_word' id='word_1_75' title='bbox 193 787 308 814; x_wconf 88' lang='lat' dir='ltr'><strong>rantem</strong></span> <span class='ocrx_word' id='word_1_76' title='bbox 323 785 469 822; x_wconf 86' lang='lat' dir='ltr'><strong>infirmos,</strong></span> <span class='ocrx_word' id='word_1_77' title='bbox 484 787 598 820; x_wconf 79' lang='lat' dir='ltr'><strong>Matth..</strong></span> <span class='ocrx_word' id='word_1_78' title='bbox 613 794 670 822; x_wconf 78' lang='lat'><em>1¹¹3</em></span> <span class='ocrx_word' id='word_1_79' title='bbox 682 787 782 820; x_wconf 68' lang='lat' dir='ltr'><strong>Marc„</strong></span> <span class='ocrx_word' id='word_1_80' title='bbox 796 795 833 822; x_wconf 87' lang='lat' dir='ltr'><strong>n;</strong></span> <span class='ocrx_word' id='word_1_81' title='bbox 848 787 929 822; x_wconf 66' lang='lat' dir='ltr'><strong>Luc„</strong></span> <span class='ocrx_word' id='word_1_82' title='bbox 943 795 973 816; x_wconf 80' lang='lat' dir='ltr'><strong>vi</strong></span> 
     </span>
     <span class='ocr_line' id='line_1_14' title="bbox 192 833 973 871; baseline 0.003 -10"><span class='ocrx_word' id='word_1_83' title='bbox 192 834 220 861; x_wconf 90' lang='lat' dir='ltr'><strong>et</strong></span> <span class='ocrx_word' id='word_1_84' title='bbox 233 838 301 869; x_wconf 80' lang='lat' dir='ltr'><strong>xm3</strong></span> <span class='ocrx_word' id='word_1_85' title='bbox 317 833 418 870; x_wconf 68' lang='lat' dir='ltr'><strong>Mara,</strong></span> <span class='ocrx_word' id='word_1_86' title='bbox 432 842 480 870; x_wconf 90' lang='lat' dir='ltr'><strong>m;</strong></span> <span class='ocrx_word' id='word_1_87' title='bbox 490 835 581 868; x_wconf 65' lang='lat' dir='ltr'><strong>Joan„</strong></span> <span class='ocrx_word' id='word_1_88' title='bbox 594 842 636 863; x_wconf 81' lang='lat'><strong>11.</strong></span> <span class='ocrx_word' id='word_1_89' title='bbox 652 836 735 870; x_wconf 85' lang='lat' dir='ltr'><strong>Item,</strong></span> <span class='ocrx_word' id='word_1_90' title='bbox 751 835 874 871; x_wconf 80' lang='lat' dir='ltr'><strong>quando</strong></span> <span class='ocrx_word' id='word_1_91' title='bbox 888 834 973 863; x_wconf 82' lang='lat' dir='ltr'><strong>vide-</strong></span> 
     </span>
     <span class='ocr_line' id='line_1_15' title="bbox 194 879 974 918; baseline 0.004 -11"><span class='ocrx_word' id='word_1_92' title='bbox 194 879 268 908; x_wconf 89' lang='lat' dir='ltr'><strong>bant</strong></span> <span class='ocrx_word' id='word_1_93' title='bbox 282 880 346 915; x_wconf 87' lang='lat' dir='ltr'><strong>ejus</strong></span> <span class='ocrx_word' id='word_1_94' title='bbox 367 880 531 918; x_wconf 89' lang='lat' dir='ltr'><strong>discipulos</strong></span> <span class='ocrx_word' id='word_1_95' title='bbox 553 881 649 918; x_wconf 89' lang='lat' dir='ltr'><strong>spicas</strong></span> <span class='ocrx_word' id='word_1_96' title='bbox 663 881 820 918; x_wconf 86' lang='lat' dir='ltr'><strong>vellentes,</strong></span> <span class='ocrx_word' id='word_1_97' title='bbox 835 883 864 910; x_wconf 87' lang='lat' dir='ltr'><strong>et</strong></span> <span class='ocrx_word' id='word_1_98' title='bbox 876 882 974 910; x_wconf 88' lang='lat' dir='ltr'><strong>mani-</strong></span> 
     </span>
     <span class='ocr_line' id='line_1_16' title="bbox 193 925 970 964; baseline 0.005 -10"><span class='ocrx_word' id='word_1_99' title='bbox 193 925 251 954; x_wconf 87' lang='lat' dir='ltr'><strong>bus</strong></span> <span class='ocrx_word' id='word_1_100' title='bbox 266 926 472 963; x_wconf 80' lang='lat' dir='ltr'><strong>confricantes‚</strong></span> <span class='ocrx_word' id='word_1_101' title='bbox 485 929 599 961; x_wconf 71' lang='lat' dir='ltr'><strong>Matth..</strong></span> <span class='ocrx_word' id='word_1_102' title='bbox 612 935 668 963; x_wconf 71' lang='lat' dir='ltr'><strong>xm</strong></span> <span class='ocrx_word' id='word_1_103' title='bbox 681 929 782 963; x_wconf 70' lang='lat' dir='ltr'><strong>Marc„</strong></span> <span class='ocrx_word' id='word_1_104' title='bbox 792 936 828 964; x_wconf 81' lang='lat'><strong>11;</strong></span> <span class='ocrx_word' id='word_1_105' title='bbox 841 929 918 964; x_wconf 64' lang='lat' dir='ltr'><strong>Luc„</strong></span> <span class='ocrx_word' id='word_1_106' title='bbox 930 937 970 958; x_wconf 76' lang='lat' dir='ltr'><strong>vr.</strong></span> 
     </span>
     <span class='ocr_line' id='line_1_17' title="bbox 194 974 973 1013; baseline 0.005 -11"><span class='ocrx_word' id='word_1_107' title='bbox 194 974 306 1003; x_wconf 78' lang='lat' dir='ltr'><strong>Scribae</strong></span> <span class='ocrx_word' id='word_1_108' title='bbox 321 976 349 1004; x_wconf 87' lang='lat' dir='ltr'><strong>et</strong></span> <span class='ocrx_word' id='word_1_109' title='bbox 364 975 498 1004; x_wconf 82' lang='lat' dir='ltr'><strong>Pharisaei</strong></span> <span class='ocrx_word' id='word_1_110' title='bbox 514 975 643 1013; x_wconf 86' lang='lat' dir='ltr'><strong>amplius</strong></span> <span class='ocrx_word' id='word_1_111' title='bbox 655 975 792 1005; x_wconf 76' lang='lat' dir='ltr'><strong>zelabant</strong></span> <span class='ocrx_word' id='word_1_112' title='bbox 810 984 866 1013; x_wconf 87' lang='lat' dir='ltr'><strong>pro</strong></span> <span class='ocrx_word' id='word_1_113' title='bbox 881 977 973 1006; x_wconf 86' lang='lat' dir='ltr'><strong>tradi-</strong></span> 
     </span>
     <span class='ocr_line' id='line_1_18' title="bbox 192 1021 973 1061; baseline 0.006 -13"><span class='ocrx_word' id='word_1_114' title='bbox 192 1021 324 1050; x_wconf 81' lang='lat' dir='ltr'><strong>tionibus</strong></span> <span class='ocrx_word' id='word_1_115' title='bbox 354 1022 431 1058; x_wconf 90' lang='lat' dir='ltr'><strong>suis,</strong></span> <span class='ocrx_word' id='word_1_116' title='bbox 457 1031 550 1059; x_wconf 89' lang='lat' dir='ltr'><strong>quam</strong></span> <span class='ocrx_word' id='word_1_117' title='bbox 580 1031 634 1060; x_wconf 88' lang='lat' dir='ltr'><strong>pro</strong></span> <span class='ocrx_word' id='word_1_118' title='bbox 663 1023 773 1051; x_wconf 90' lang='lat' dir='ltr'><strong>divinis</strong></span> <span class='ocrx_word' id='word_1_119' title='bbox 805 1023 973 1061; x_wconf 87' lang='lat' dir='ltr'><strong>mandatis,</strong></span> 
     </span>
     <span class='ocr_line' id='line_1_19' title="bbox 192 1069 973 1108; baseline 0.005 -12"><span class='ocrx_word' id='word_1_120' title='bbox 192 1069 354 1104; x_wconf 80' lang='lat' dir='ltr'><strong>Matth.,xv</strong></span> <span class='ocrx_word' id='word_1_121' title='bbox 360 1079 369 1105; x_wconf 83' lang='lat'>3</span> <span class='ocrx_word' id='word_1_122' title='bbox 381 1071 480 1104; x_wconf 66' lang='lat' dir='ltr'><strong>Marc„</strong></span> <span class='ocrx_word' id='word_1_123' title='bbox 490 1079 541 1099; x_wconf 85' lang='lat' dir='ltr'><strong>vn.</strong></span> <span class='ocrx_word' id='word_1_124' title='bbox 554 1072 625 1100; x_wconf 87' lang='lat' dir='ltr'><strong>Item</strong></span> <span class='ocrx_word' id='word_1_125' title='bbox 635 1079 691 1108; x_wconf 91' lang='lat' dir='ltr'><strong>pro</strong></span> <span class='ocrx_word' id='word_1_126' title='bbox 704 1079 778 1100; x_wconf 89' lang='lat' dir='ltr'><strong>auro</strong></span> <span class='ocrx_word' id='word_1_127' title='bbox 790 1071 891 1108; x_wconf 86' lang='lat' dir='ltr'><strong>templi</strong></span> <span class='ocrx_word' id='word_1_128' title='bbox 904 1071 973 1108; x_wconf 91' lang='lat' dir='ltr'><strong>plus</strong></span> 
     </span>
     <span class='ocr_line' id='line_1_20' title="bbox 191 1115 972 1155; baseline 0.006 -12"><span class='ocrx_word' id='word_1_129' title='bbox 191 1115 338 1151; x_wconf 84' lang='lat' dir='ltr'><strong>zelabant,</strong></span> <span class='ocrx_word' id='word_1_130' title='bbox 354 1124 446 1153; x_wconf 86' lang='lat' dir='ltr'><strong>quam</strong></span> <span class='ocrx_word' id='word_1_131' title='bbox 460 1125 516 1154; x_wconf 89' lang='lat' dir='ltr'><strong>pro</strong></span> <span class='ocrx_word' id='word_1_132' title='bbox 530 1118 596 1154; x_wconf 89' lang='lat' dir='ltr'><strong>ipso</strong></span> <span class='ocrx_word' id='word_1_133' title='bbox 618 1118 749 1155; x_wconf 89' lang='lat' dir='ltr'><strong>templo,</strong></span> <span class='ocrx_word' id='word_1_134' title='bbox 773 1121 801 1146; x_wconf 85' lang='lat' dir='ltr'><strong>et</strong></span> <span class='ocrx_word' id='word_1_135' title='bbox 819 1127 874 1155; x_wconf 88' lang='lat' dir='ltr'><strong>pro</strong></span> <span class='ocrx_word' id='word_1_136' title='bbox 890 1119 972 1148; x_wconf 92' lang='lat' dir='ltr'><strong>dono</strong></span> 
     </span>
     <span class='ocr_line' id='line_1_21' title="bbox 192 1162 971 1201; baseline 0.006 -11"><span class='ocrx_word' id='word_1_137' title='bbox 192 1162 302 1198; x_wconf 87' lang='lat' dir='ltr'><strong>altaris,</strong></span> <span class='ocrx_word' id='word_1_138' title='bbox 318 1163 385 1199; x_wconf 85' lang='lat' dir='ltr'><strong>plus</strong></span> <span class='ocrx_word' id='word_1_139' title='bbox 400 1172 491 1200; x_wconf 86' lang='lat' dir='ltr'><strong>quam</strong></span> <span class='ocrx_word' id='word_1_140' title='bbox 507 1165 545 1194; x_wconf 89' lang='lat' dir='ltr'><strong>de</strong></span> <span class='ocrx_word' id='word_1_141' title='bbox 564 1165 630 1201; x_wconf 77' lang='lat' dir='ltr'><strong>ipso</strong></span> <span class='ocrx_word' id='word_1_142' title='bbox 645 1165 742 1201; x_wconf 88' lang='lat' dir='ltr'><strong>altari,</strong></span> <span class='ocrx_word' id='word_1_143' title='bbox 758 1166 870 1198; x_wconf 76' lang='lat' dir='ltr'><strong>Matth..</strong></span> <span class='ocrx_word' id='word_1_144' title='bbox 887 1174 971 1195; x_wconf 82' lang='lat' dir='ltr'><strong>xxm.</strong></span> 
     </span>
    </p>

    <p class='ocr_par' dir='ltr' id='par_1_5' title="bbox 191 1210 973 1388">
     <span class='ocr_line' id='line_1_22' title="bbox 228 1210 973 1248; baseline 0.005 -11"><span class='ocrx_word' id='word_1_145' title='bbox 228 1210 323 1238; x_wconf 88' lang='lat' dir='ltr'><strong>Oblati</strong></span> <span class='ocrx_word' id='word_1_146' title='bbox 338 1212 539 1240; x_wconf 87' lang='lat' dir='ltr'><strong>suntDomino</strong></span> <span class='ocrx_word' id='word_1_147' title='bbox 550 1213 678 1248; x_wconf 78' lang='lat' dir='ltr'><strong>parvuli,</strong></span> <span class='ocrx_word' id='word_1_148' title='bbox 695 1214 727 1240; x_wconf 85' lang='lat' dir='ltr'><strong>ut</strong></span> <span class='ocrx_word' id='word_1_149' title='bbox 741 1221 848 1241; x_wconf 87' lang='lat' dir='ltr'><strong>manus</strong></span> <span class='ocrx_word' id='word_1_150' title='bbox 860 1213 902 1241; x_wconf 86' lang='lat' dir='ltr'><strong>eis</strong></span> <span class='ocrx_word' id='word_1_151' title='bbox 916 1213 973 1242; x_wconf 86' lang='lat' dir='ltr'><strong>im-</strong></span> 
     </span>
     <span class='ocr_line' id='line_1_23' title="bbox 191 1259 973 1296; baseline 0.005 -12"><span class='ocrx_word' id='word_1_152' title='bbox 191 1259 325 1292; x_wconf 83' lang='lat' dir='ltr'><strong>poneret,</strong></span> <span class='ocrx_word' id='word_1_153' title='bbox 343 1260 369 1286; x_wconf 87' lang='lat' dir='ltr'><strong>et</strong></span> <span class='ocrx_word' id='word_1_154' title='bbox 383 1260 480 1286; x_wconf 89' lang='lat' dir='ltr'><strong>oraret</strong></span> <span class='ocrx_word' id='word_1_155' title='bbox 486 1268 494 1294; x_wconf 84' lang='lat'>;</span> <span class='ocrx_word' id='word_1_156' title='bbox 511 1259 648 1295; x_wconf 89' lang='lat' dir='ltr'><strong>discipuli</strong></span> <span class='ocrx_word' id='word_1_157' title='bbox 664 1262 763 1288; x_wconf 88' lang='lat' dir='ltr'><strong>autem</strong></span> <span class='ocrx_word' id='word_1_158' title='bbox 779 1260 973 1296; x_wconf 82' lang='lat' dir='ltr'><strong>increpabant</strong></span> 
     </span>
     <span class='ocr_line' id='line_1_24' title="bbox 193 1305 971 1343; baseline 0.006 -12"><span class='ocrx_word' id='word_1_159' title='bbox 193 1311 254 1331; x_wconf 90' lang='lat' dir='ltr'><strong>cos.</strong></span> <span class='ocrx_word' id='word_1_160' title='bbox 270 1305 352 1332; x_wconf 84' lang='lat' dir='ltr'><strong>Jesus</strong></span> <span class='ocrx_word' id='word_1_161' title='bbox 376 1307 475 1334; x_wconf 86' lang='lat' dir='ltr'><strong>autem</strong></span> <span class='ocrx_word' id='word_1_162' title='bbox 490 1306 552 1334; x_wconf 87' lang='lat' dir='ltr'><strong>ait:</strong></span> <span class='ocrx_word' id='word_1_163' title='bbox 571 1316 585 1332; x_wconf 91' lang='lat'>«</span> <span class='ocrx_word' id='word_1_164' title='bbox 600 1306 688 1334; x_wconf 80' lang='lat' dir='ltr'><strong>Sinite</strong></span> <span class='ocrx_word' id='word_1_165' title='bbox 708 1306 851 1343; x_wconf 86' lang='lat' dir='ltr'><strong>parvulos</strong></span> <span class='ocrx_word' id='word_1_166' title='bbox 869 1307 971 1337; x_wconf 85' lang='lat' dir='ltr'><strong>venire</strong></span> 
     </span>
     <span class='ocr_line' id='line_1_25' title="bbox 193 1350 771 1388; baseline 0.005 -10"><span class='ocrx_word' id='word_1_167' title='bbox 193 1350 231 1378; x_wconf 89' lang='lat' dir='ltr'><strong>ad</strong></span> <span class='ocrx_word' id='word_1_168' title='bbox 247 1358 307 1386; x_wconf 90' lang='lat' dir='ltr'><strong>me,</strong></span> <span class='ocrx_word' id='word_1_169' title='bbox 323 1361 336 1378; x_wconf 64' lang='grc' dir='ltr'><strong>ι)</strong></span> <span class='ocrx_word' id='word_1_170' title='bbox 349 1353 530 1388; x_wconf 82' lang='lat' dir='ltr'><strong>etc.1tIatth.‚</strong></span> <span class='ocrx_word' id='word_1_171' title='bbox 547 1361 611 1387; x_wconf 81' lang='lat' dir='ltr'><strong>x1x;</strong></span> <span class='ocrx_word' id='word_1_172' title='bbox 627 1354 726 1387; x_wconf 63' lang='lat' dir='ltr'><strong>Marc„</strong></span> <span class='ocrx_word' id='word_1_173' title='bbox 740 1362 771 1382; x_wconf 86' lang='lat' dir='ltr'><strong>x.</strong></span> 
     </span>
    </p>

    <p class='ocr_par' dir='ltr' id='par_1_6' title="bbox 190 1398 971 1576">
     <span class='ocr_line' id='line_1_26' title="bbox 227 1398 971 1437; baseline 0.005 -11"><span class='ocrx_word' id='word_1_174' title='bbox 227 1399 301 1426; x_wconf 90' lang='lat' dir='ltr'><strong>Cum</strong></span> <span class='ocrx_word' id='word_1_175' title='bbox 324 1398 474 1428; x_wconf 78' lang='lat' dir='ltr'><strong>effudisset</strong></span> <span class='ocrx_word' id='word_1_176' title='bbox 498 1400 586 1428; x_wconf 82' lang='lat' dir='ltr'><strong>Maria</strong></span> <span class='ocrx_word' id='word_1_177' title='bbox 602 1400 766 1437; x_wconf 90' lang='lat' dir='ltr'><strong>pretiosum</strong></span> <span class='ocrx_word' id='word_1_178' title='bbox 785 1404 971 1437; x_wconf 82' lang='lat' dir='ltr'><strong>unguentum</strong></span> 
     </span>
     <span class='ocr_line' id='line_1_27' title="bbox 193 1447 971 1485; baseline 0.006 -13"><span class='ocrx_word' id='word_1_179' title='bbox 193 1452 281 1481; x_wconf 86' lang='lat' dir='ltr'><strong>super</strong></span> <span class='ocrx_word' id='word_1_180' title='bbox 296 1448 384 1482; x_wconf 86' lang='lat' dir='ltr'><strong>caput</strong></span> <span class='ocrx_word' id='word_1_181' title='bbox 398 1447 530 1482; x_wconf 84' lang='lat' dir='ltr'><strong>Domini,</strong></span> <span class='ocrx_word' id='word_1_182' title='bbox 547 1447 671 1484; x_wconf 87' lang='lat' dir='ltr'><strong>quidam</strong></span> <span class='ocrx_word' id='word_1_183' title='bbox 693 1447 831 1484; x_wconf 90' lang='lat' dir='ltr'><strong>discipuli</strong></span> <span class='ocrx_word' id='word_1_184' title='bbox 847 1448 971 1485; x_wconf 84' lang='lat' dir='ltr'><strong>indigne</strong></span> 
     </span>
     <span class='ocr_line' id='line_1_28' title="bbox 190 1491 971 1533; baseline 0.008 -14"><span class='ocrx_word' id='word_1_185' title='bbox 190 1491 335 1528; x_wconf 84' lang='lat' dir='ltr'><strong>serebant,</strong></span> <span class='ocrx_word' id='word_1_186' title='bbox 357 1495 385 1521; x_wconf 91' lang='lat' dir='ltr'><strong>et</strong></span> <span class='ocrx_word' id='word_1_187' title='bbox 399 1493 565 1522; x_wconf 83' lang='lat' dir='ltr'><strong>fremebant</strong></span> <span class='ocrx_word' id='word_1_188' title='bbox 580 1495 610 1522; x_wconf 91' lang='lat' dir='ltr'><strong>in</strong></span> <span class='ocrx_word' id='word_1_189' title='bbox 633 1503 710 1531; x_wconf 89' lang='lat' dir='ltr'><strong>eam,</strong></span> <span class='ocrx_word' id='word_1_190' title='bbox 726 1498 848 1532; x_wconf 89' lang='lat' dir='ltr'><strong>propter</strong></span> <span class='ocrx_word' id='word_1_191' title='bbox 870 1497 971 1533; x_wconf 88' lang='lat' dir='ltr'><strong>perdi-</strong></span> 
     </span>
     <span class='ocr_line' id='line_1_29' title="bbox 191 1539 663 1576; baseline 0.006 -9"><span class='ocrx_word' id='word_1_192' title='bbox 191 1539 302 1568; x_wconf 78' lang='lat' dir='ltr'><strong>tionem</strong></span> <span class='ocrx_word' id='word_1_193' title='bbox 317 1541 470 1576; x_wconf 74' lang='lat' dir='ltr'><strong>unguenti.</strong></span> <span class='ocrx_word' id='word_1_194' title='bbox 486 1542 586 1575; x_wconf 65' lang='lat' dir='ltr'><strong>Marc„</strong></span> <span class='ocrx_word' id='word_1_195' title='bbox 602 1550 663 1570; x_wconf 74' lang='lat' dir='ltr'><strong>xxv.</strong></span> 
     </span>
    </p>

    <p class='ocr_par' dir='ltr' id='par_1_7' title="bbox 191 1588 972 1856">
     <span class='ocr_line' id='line_1_30' title="bbox 226 1588 972 1628; baseline 0.008 -14"><span class='ocrx_word' id='word_1_196' title='bbox 226 1588 353 1616; x_wconf 80' lang='lat' dir='ltr'><strong>loannes</strong></span> <span class='ocrx_word' id='word_1_197' title='bbox 375 1589 534 1625; x_wconf 76' lang='lat' dir='ltr'><strong>Apostolus</strong></span> <span class='ocrx_word' id='word_1_198' title='bbox 557 1590 710 1626; x_wconf 83' lang='lat' dir='ltr'><strong>prohibuit</strong></span> <span class='ocrx_word' id='word_1_199' title='bbox 735 1590 898 1626; x_wconf 83' lang='lat' dir='ltr'><strong>quemdam</strong></span> <span class='ocrx_word' id='word_1_200' title='bbox 922 1592 972 1628; x_wconf 87' lang='lat' dir='ltr'><strong>eji-</strong></span> 
     </span>
     <span class='ocr_line' id='line_1_31' title="bbox 191 1634 970 1674; baseline 0.006 -13"><span class='ocrx_word' id='word_1_201' title='bbox 191 1634 316 1662; x_wconf 80' lang='lat' dir='ltr'><strong>cientem</strong></span> <span class='ocrx_word' id='word_1_202' title='bbox 339 1635 487 1664; x_wconf 81' lang='lat' dir='ltr'><strong>daemonia</strong></span> <span class='ocrx_word' id='word_1_203' title='bbox 508 1637 538 1664; x_wconf 90' lang='lat' dir='ltr'><strong>in</strong></span> <span class='ocrx_word' id='word_1_204' title='bbox 562 1637 683 1665; x_wconf 87' lang='lat' dir='ltr'><strong>nomine</strong></span> <span class='ocrx_word' id='word_1_205' title='bbox 704 1637 818 1665; x_wconf 87' lang='lat' dir='ltr'><strong>Domini</strong></span> <span class='ocrx_word' id='word_1_206' title='bbox 833 1639 918 1674; x_wconf 80' lang='lat' dir='ltr'><strong>lesu,</strong></span> <span class='ocrx_word' id='word_1_207' title='bbox 934 1647 970 1667; x_wconf 90' lang='lat' dir='ltr'><strong>eo</strong></span> 
     </span>
     <span class='ocr_line' id='line_1_32' title="bbox 192 1681 968 1721; baseline 0.006 -13"><span class='ocrx_word' id='word_1_208' title='bbox 192 1681 275 1717; x_wconf 84' lang='lat' dir='ltr'><strong>quod</strong></span> <span class='ocrx_word' id='word_1_209' title='bbox 291 1689 351 1710; x_wconf 90' lang='lat' dir='ltr'><strong>non</strong></span> <span class='ocrx_word' id='word_1_210' title='bbox 367 1683 546 1719; x_wconf 78' lang='lat' dir='ltr'><strong>sequebatur</strong></span> <span class='ocrx_word' id='word_1_211' title='bbox 561 1692 629 1712; x_wconf 88' lang='lat' dir='ltr'><strong>cum</strong></span> <span class='ocrx_word' id='word_1_212' title='bbox 645 1693 713 1712; x_wconf 90' lang='lat' dir='ltr'><strong>cum</strong></span> <span class='ocrx_word' id='word_1_213' title='bbox 725 1684 789 1712; x_wconf 90' lang='lat' dir='ltr'><strong>aliis</strong></span> <span class='ocrx_word' id='word_1_214' title='bbox 805 1685 968 1721; x_wconf 76' lang='lat' dir='ltr'><strong>discipulis,</strong></span> 
     </span>
     <span class='ocr_line' id='line_1_33' title="bbox 191 1729 969 1769; baseline 0.006 -14"><span class='ocrx_word' id='word_1_215' title='bbox 191 1729 224 1755; x_wconf 86' lang='lat' dir='ltr'><strong>Et</strong></span> <span class='ocrx_word' id='word_1_216' title='bbox 245 1729 285 1756; x_wconf 89' lang='lat' dir='ltr'><strong>ait</strong></span> <span class='ocrx_word' id='word_1_217' title='bbox 306 1729 345 1757; x_wconf 88' lang='lat' dir='ltr'><strong>ad</strong></span> <span class='ocrx_word' id='word_1_218' title='bbox 369 1729 453 1757; x_wconf 86' lang='lat' dir='ltr'><strong>illum</strong></span> <span class='ocrx_word' id='word_1_219' title='bbox 472 1731 539 1758; x_wconf 88' lang='lat' dir='ltr'><strong>Jesu</strong></span> <span class='ocrx_word' id='word_1_220' title='bbox 557 1739 563 1757; x_wconf 89' lang='lat'>:</span> <span class='ocrx_word' id='word_1_221' title='bbox 583 1742 596 1756; x_wconf 74' lang='grc' dir='ltr'><strong>«ι</strong></span> <span class='ocrx_word' id='word_1_222' title='bbox 611 1731 703 1759; x_wconf 80' lang='lat' dir='ltr'><strong>Nolite</strong></span> <span class='ocrx_word' id='word_1_223' title='bbox 726 1731 901 1767; x_wconf 61' lang='lat' dir='ltr'><strong>prohibt-1⁸03</strong></span> <span class='ocrx_word' id='word_1_224' title='bbox 919 1733 969 1769; x_wconf 88' lang='lat' dir='ltr'><strong>qui</strong></span> 
     </span>
     <span class='ocr_line' id='line_1_34' title="bbox 191 1775 966 1814; baseline 0.004 -13"><span class='ocrx_word' id='word_1_225' title='bbox 191 1775 271 1802; x_wconf 79' lang='lat' dir='ltr'><strong>enini</strong></span> <span class='ocrx_word' id='word_1_226' title='bbox 292 1783 352 1803; x_wconf 91' lang='lat' dir='ltr'><strong>non</strong></span> <span class='ocrx_word' id='word_1_227' title='bbox 374 1778 416 1804; x_wconf 91' lang='lat' dir='ltr'><strong>cst</strong></span> <span class='ocrx_word' id='word_1_228' title='bbox 437 1776 580 1805; x_wconf 81' lang='lat' dir='ltr'><strong>adversus</strong></span> <span class='ocrx_word' id='word_1_229' title='bbox 603 1785 675 1813; x_wconf 87' lang='lat' dir='ltr'><strong>nos,</strong></span> <span class='ocrx_word' id='word_1_230' title='bbox 696 1786 751 1814; x_wconf 87' lang='lat' dir='ltr'><strong>pro</strong></span> <span class='ocrx_word' id='word_1_231' title='bbox 773 1779 861 1807; x_wconf 89' lang='lat' dir='ltr'><strong>nobis</strong></span> <span class='ocrx_word' id='word_1_232' title='bbox 885 1781 936 1807; x_wconf 84' lang='lat' dir='ltr'><strong>est.</strong></span> <span class='ocrx_word' id='word_1_233' title='bbox 953 1789 966 1805; x_wconf 73' lang='lat' dir='ltr'><strong>n</strong></span> 
     </span>
     <span class='ocr_line' id='line_1_35' title="bbox 191 1821 322 1856; baseline 0.008 -8"><span class='ocrx_word' id='word_1_234' title='bbox 191 1821 265 1856; x_wconf 85' lang='lat' dir='ltr'><strong>Luc.,</strong></span> <span class='ocrx_word' id='word_1_235' title='bbox 281 1830 322 1851; x_wconf 85' lang='lat' dir='ltr'><strong>ix.</strong></span> 
     </span>
    </p>

    <p class='ocr_par' dir='ltr' id='par_1_8' title="bbox 188 1868 969 2138">
     <span class='ocr_line' id='line_1_36' title="bbox 227 1868 968 1907; baseline 0.007 -12"><span class='ocrx_word' id='word_1_236' title='bbox 227 1868 386 1897; x_wconf 78' lang='lat' dir='ltr'><strong>Audientes</strong></span> <span class='ocrx_word' id='word_1_237' title='bbox 407 1870 535 1898; x_wconf 82' lang='lat' dir='ltr'><strong>Jacobus</strong></span> <span class='ocrx_word' id='word_1_238' title='bbox 551 1872 579 1898; x_wconf 82' lang='lat' dir='ltr'><strong>ct</strong></span> <span class='ocrx_word' id='word_1_239' title='bbox 592 1872 719 1899; x_wconf 76' lang='lat' dir='ltr'><strong>loannes</strong></span> <span class='ocrx_word' id='word_1_240' title='bbox 737 1871 821 1907; x_wconf 87' lang='lat' dir='ltr'><strong>quod</strong></span> <span class='ocrx_word' id='word_1_241' title='bbox 840 1872 968 1900; x_wconf 87' lang='lat' dir='ltr'><strong>Samari-</strong></span> 
     </span>
     <span class='ocr_line' id='line_1_37' title="bbox 191 1915 966 1953; baseline 0.006 -11"><span class='ocrx_word' id='word_1_242' title='bbox 191 1915 251 1943; x_wconf 84' lang='lat' dir='ltr'><strong>tani</strong></span> <span class='ocrx_word' id='word_1_243' title='bbox 266 1923 326 1943; x_wconf 88' lang='lat' dir='ltr'><strong>non</strong></span> <span class='ocrx_word' id='word_1_244' title='bbox 342 1919 513 1952; x_wconf 81' lang='lat' dir='ltr'><strong>receperant</strong></span> <span class='ocrx_word' id='word_1_245' title='bbox 527 1918 646 1945; x_wconf 90' lang='lat' dir='ltr'><strong>nuntios</strong></span> <span class='ocrx_word' id='word_1_246' title='bbox 662 1918 788 1953; x_wconf 87' lang='lat' dir='ltr'><strong>Domini,</strong></span> <span class='ocrx_word' id='word_1_247' title='bbox 805 1918 943 1947; x_wconf 85' lang='lat' dir='ltr'><strong>dixerunt</strong></span> <span class='ocrx_word' id='word_1_248' title='bbox 959 1929 966 1947; x_wconf 90' lang='lat'>:</span> 
     </span>
     <span class='ocr_line' id='line_1_38' title="bbox 194 1964 968 1999; baseline 0.005 -10"><span class='ocrx_word' id='word_1_249' title='bbox 194 1973 207 1988; x_wconf 90' lang='lat'>«</span> <span class='ocrx_word' id='word_1_250' title='bbox 229 1964 366 1998; x_wconf 82' lang='lat' dir='ltr'><strong>Domine,</strong></span> <span class='ocrx_word' id='word_1_251' title='bbox 383 1964 427 1990; x_wconf 78' lang='lat' dir='ltr'><strong>vis</strong></span> <span class='ocrx_word' id='word_1_252' title='bbox 443 1964 584 1999; x_wconf 78' lang='lat' dir='ltr'><strong>dicimus,</strong></span> <span class='ocrx_word' id='word_1_253' title='bbox 600 1967 631 1992; x_wconf 82' lang='lat' dir='ltr'><strong>ut</strong></span> <span class='ocrx_word' id='word_1_254' title='bbox 654 1965 731 1998; x_wconf 70' lang='lat' dir='ltr'><strong>ignis</strong></span> <span class='ocrx_word' id='word_1_255' title='bbox 755 1965 917 1993; x_wconf 80' lang='lat' dir='ltr'><strong>descendat</strong></span> <span class='ocrx_word' id='word_1_256' title='bbox 932 1966 968 1994; x_wconf 88' lang='lat' dir='ltr'><strong>de</strong></span> 
     </span>
     <span class='ocr_line' id='line_1_39' title="bbox 191 2009 969 2044; baseline 0.005 -8"><span class='ocrx_word' id='word_1_257' title='bbox 191 2009 292 2044; x_wconf 72' lang='lat' dir='ltr'><strong>ccctis,</strong></span> <span class='ocrx_word' id='word_1_258' title='bbox 316 2012 343 2037; x_wconf 90' lang='lat' dir='ltr'><strong>ct</strong></span> <span class='ocrx_word' id='word_1_259' title='bbox 368 2013 521 2038; x_wconf 85' lang='lat' dir='ltr'><strong>consumat</strong></span> <span class='ocrx_word' id='word_1_260' title='bbox 540 2011 626 2039; x_wconf 73' lang='lat' dir='ltr'><strong>illos?</strong></span> <span class='ocrx_word' id='word_1_261' title='bbox 647 2021 661 2037; x_wconf 82' lang='lat'>»</span> <span class='ocrx_word' id='word_1_262' title='bbox 679 2013 710 2039; x_wconf 66' lang='lat' dir='ltr'><strong>lit</strong></span> <span class='ocrx_word' id='word_1_263' title='bbox 735 2019 894 2040; x_wconf 76' lang='lat' dir='ltr'><strong>conversus</strong></span> <span class='ocrx_word' id='word_1_264' title='bbox 916 2015 969 2041; x_wconf 83' lang='lat' dir='ltr'><strong>Do-</strong></span> 
     </span>
     <span class='ocr_line' id='line_1_40' title="bbox 190 2057 969 2095; baseline 0.006 -12"><span class='ocrx_word' id='word_1_265' title='bbox 190 2057 288 2083; x_wconf 80' lang='lat' dir='ltr'><strong>minus</strong></span> <span class='ocrx_word' id='word_1_266' title='bbox 303 2057 465 2093; x_wconf 78' lang='lat' dir='ltr'><strong>increpavit</strong></span> <span class='ocrx_word' id='word_1_267' title='bbox 477 2057 555 2092; x_wconf 66' lang='lat' dir='ltr'><strong>illos,</strong></span> <span class='ocrx_word' id='word_1_268' title='bbox 571 2060 599 2086; x_wconf 89' lang='lat' dir='ltr'><strong>et</strong></span> <span class='ocrx_word' id='word_1_269' title='bbox 614 2058 687 2086; x_wconf 81' lang='lat' dir='ltr'><strong>dixit</strong></span> <span class='ocrx_word' id='word_1_270' title='bbox 702 2067 709 2086; x_wconf 87' lang='grc'>;</span> <span class='ocrx_word' id='word_1_271' title='bbox 724 2068 738 2084; x_wconf 76' lang='grc' dir='ltr'>α</span> <span class='ocrx_word' id='word_1_272' title='bbox 753 2059 871 2087; x_wconf 78' lang='lat' dir='ltr'><strong>Nescitis</strong></span> <span class='ocrx_word' id='word_1_273' title='bbox 884 2060 969 2095; x_wconf 84' lang='lat' dir='ltr'><strong>cujus</strong></span> 
     </span>
     <span class='ocr_line' id='line_1_41' title="bbox 188 2103 577 2138; baseline 0.008 -9"><span class='ocrx_word' id='word_1_274' title='bbox 188 2103 307 2138; x_wconf 78' lang='lat' dir='ltr'><strong>spiritus</strong></span> <span class='ocrx_word' id='word_1_275' title='bbox 322 2104 398 2132; x_wconf 61' lang='lat' dir='ltr'><strong>estis.</strong></span> <span class='ocrx_word' id='word_1_276' title='bbox 415 2114 428 2129; x_wconf 69' lang='lat' dir='ltr'><strong>n</strong></span> <span class='ocrx_word' id='word_1_277' title='bbox 448 2106 522 2137; x_wconf 64' lang='lat' dir='ltr'><strong>Luc„</strong></span> <span class='ocrx_word' id='word_1_278' title='bbox 539 2113 577 2132; x_wconf 78' lang='lat' dir='ltr'><strong>ix.</strong></span> 
     </span>
    </p>

    <p class='ocr_par' dir='ltr' id='par_1_9' title="bbox 188 2150 968 2328">
     <span class='ocr_line' id='line_1_42' title="bbox 223 2150 968 2188; baseline 0.007 -11"><span class='ocrx_word' id='word_1_279' title='bbox 223 2150 324 2185; x_wconf 78' lang='lat' dir='ltr'><strong>Arguit</strong></span> <span class='ocrx_word' id='word_1_280' title='bbox 339 2151 479 2178; x_wconf 82' lang='lat' dir='ltr'><strong>Dominus</strong></span> <span class='ocrx_word' id='word_1_281' title='bbox 491 2153 618 2186; x_wconf 83' lang='lat' dir='ltr'><strong>Petrum,</strong></span> <span class='ocrx_word' id='word_1_282' title='bbox 632 2152 683 2188; x_wconf 84' lang='lat' dir='ltr'><strong>qui</strong></span> <span class='ocrx_word' id='word_1_283' title='bbox 696 2155 900 2188; x_wconf 78' lang='lat' dir='ltr'><strong>amputaverat</strong></span> <span class='ocrx_word' id='word_1_284' title='bbox 915 2162 968 2182; x_wconf 89' lang='lat' dir='ltr'><strong>au-</strong></span> 
     </span>
     <span class='ocr_line' id='line_1_43' title="bbox 188 2198 967 2236; baseline 0.006 -12"><span class='ocrx_word' id='word_1_285' title='bbox 188 2204 251 2224; x_wconf 88' lang='lat' dir='ltr'><strong>rem</strong></span> <span class='ocrx_word' id='word_1_286' title='bbox 266 2205 351 2225; x_wconf 88' lang='lat' dir='ltr'><strong>servo</strong></span> <span class='ocrx_word' id='word_1_287' title='bbox 365 2198 504 2234; x_wconf 81' lang='lat' dir='ltr'><strong>principis</strong></span> <span class='ocrx_word' id='word_1_288' title='bbox 520 2199 720 2233; x_wconf 82' lang='lat' dir='ltr'><strong>sacerdotum,</strong></span> <span class='ocrx_word' id='word_1_289' title='bbox 744 2208 779 2228; x_wconf 92' lang='lat' dir='ltr'><strong>eo</strong></span> <span class='ocrx_word' id='word_1_290' title='bbox 797 2201 879 2236; x_wconf 88' lang='lat' dir='ltr'><strong>quod</strong></span> <span class='ocrx_word' id='word_1_291' title='bbox 898 2204 967 2229; x_wconf 85' lang='lat' dir='ltr'><strong>tunc</strong></span> 
     </span>
     <span class='ocr_line' id='line_1_44' title="bbox 189 2246 966 2284; baseline 0.009 -14"><span class='ocrx_word' id='word_1_292' title='bbox 189 2251 248 2271; x_wconf 91' lang='lat' dir='ltr'><strong>uon</strong></span> <span class='ocrx_word' id='word_1_293' title='bbox 269 2246 330 2271; x_wconf 87' lang='lat' dir='ltr'><strong>crat</strong></span> <span class='ocrx_word' id='word_1_294' title='bbox 344 2247 459 2280; x_wconf 82' lang='lat' dir='ltr'><strong>tempus</strong></span> <span class='ocrx_word' id='word_1_295' title='bbox 474 2246 612 2281; x_wconf 73' lang='lat' dir='ltr'><strong>poteutiw</strong></span> <span class='ocrx_word' id='word_1_296' title='bbox 627 2247 830 2282; x_wconf 69' lang='lat' dir='ltr'><strong>ostendendw,</strong></span> <span class='ocrx_word' id='word_1_297' title='bbox 848 2249 900 2276; x_wconf 81' lang='lat' dir='ltr'><strong>sed</strong></span> <span class='ocrx_word' id='word_1_298' title='bbox 915 2257 966 2284; x_wconf 87' lang='lat' dir='ltr'><strong>pa-</strong></span> 
     </span>
     <span class='ocr_line' id='line_1_45' title="bbox 189 2290 910 2328; baseline 0.008 -11"><span class='ocrx_word' id='word_1_299' title='bbox 189 2290 295 2318; x_wconf 61' lang='lat' dir='ltr'><strong>tientiae</strong></span> <span class='ocrx_word' id='word_1_300' title='bbox 310 2291 493 2319; x_wconf 62' lang='lat' dir='ltr'><strong>exhibendze.</strong></span> <span class='ocrx_word' id='word_1_301' title='bbox 512 2293 622 2327; x_wconf 60' lang='lat' dir='ltr'><strong>Mutth„</strong></span> <span class='ocrx_word' id='word_1_302' title='bbox 638 2301 724 2323; x_wconf 76' lang='lat' dir='ltr'><strong>xxvi:</strong></span> <span class='ocrx_word' id='word_1_303' title='bbox 742 2296 819 2328; x_wconf 63' lang='lat' dir='ltr'><strong>Luc„</strong></span> <span class='ocrx_word' id='word_1_304' title='bbox 835 2303 910 2323; x_wconf 79' lang='lat' dir='ltr'><strong>xxii.</strong></span> 
     </span>
    </p>

    <p class='ocr_par' dir='ltr' id='par_1_10' title="bbox 160 2338 966 2603">
     <span class='ocr_line' id='line_1_46' title="bbox 222 2338 966 2376; baseline 0.007 -11"><span class='ocrx_word' id='word_1_305' title='bbox 222 2339 350 2373; x_wconf 81' lang='lat' dir='ltr'><strong>Apparet</strong></span> <span class='ocrx_word' id='word_1_306' title='bbox 373 2338 533 2374; x_wconf 85' lang='lat' dir='ltr'><strong>discipulos</strong></span> <span class='ocrx_word' id='word_1_307' title='bbox 556 2340 676 2367; x_wconf 75' lang='lat' dir='ltr'><strong>loannis</strong></span> <span class='ocrx_word' id='word_1_308' title='bbox 702 2341 834 2376; x_wconf 68' lang='lat' dir='ltr'><strong>ltaptistae</strong></span> <span class='ocrx_word' id='word_1_309' title='bbox 856 2342 966 2371; x_wconf 85' lang='lat' dir='ltr'><strong>zelasse</strong></span> 
     </span>
     <span class='ocr_line' id='line_1_47' title="bbox 187 2385 965 2422; baseline 0.008 -11"><span class='ocrx_word' id='word_1_310' title='bbox 187 2387 289 2412; x_wconf 82' lang='lat' dir='ltr'><strong>contra</strong></span> <span class='ocrx_word' id='word_1_311' title='bbox 314 2385 471 2413; x_wconf 84' lang='lat' dir='ltr'><strong>Dominum</strong></span> <span class='ocrx_word' id='word_1_312' title='bbox 487 2393 541 2420; x_wconf 86' lang='lat' dir='ltr'><strong>pro</strong></span> <span class='ocrx_word' id='word_1_313' title='bbox 565 2387 717 2420; x_wconf 64' lang='lat' dir='ltr'><strong>magistro,</strong></span> <span class='ocrx_word' id='word_1_314' title='bbox 733 2388 855 2422; x_wconf 84' lang='lat' dir='ltr'><strong>quaudo</strong></span> <span class='ocrx_word' id='word_1_315' title='bbox 880 2389 965 2417; x_wconf 75' lang='lat' dir='ltr'><strong>dixe-</strong></span> 
     </span>
     <span class='ocr_line' id='line_1_48' title="bbox 160 2431 965 2467; baseline 0.006 -9"><span class='ocrx_word' id='word_1_316' title='bbox 160 2456 163 2458; x_wconf 93' lang='lat'><strong>.</strong></span> <span class='ocrx_word' id='word_1_317' title='bbox 186 2433 255 2458; x_wconf 82' lang='lat' dir='ltr'><strong>runt</strong></span> <span class='ocrx_word' id='word_1_318' title='bbox 275 2431 302 2459; x_wconf 91' lang='lat' dir='ltr'><strong>ei</strong></span> <span class='ocrx_word' id='word_1_319' title='bbox 326 2440 332 2458; x_wconf 89' lang='lat'>:</span> <span class='ocrx_word' id='word_1_320' title='bbox 357 2441 370 2457; x_wconf 90' lang='lat'>«</span> <span class='ocrx_word' id='word_1_321' title='bbox 392 2431 497 2466; x_wconf 77' lang='lat' dir='ltr'><strong>nabhi,</strong></span> <span class='ocrx_word' id='word_1_322' title='bbox 521 2432 572 2467; x_wconf 89' lang='lat' dir='ltr'><strong>qui</strong></span> <span class='ocrx_word' id='word_1_323' title='bbox 597 2436 658 2460; x_wconf 83' lang='lat' dir='ltr'><strong>erat</strong></span> <span class='ocrx_word' id='word_1_324' title='bbox 681 2436 776 2462; x_wconf 80' lang='lat' dir='ltr'><strong>tecum</strong></span> <span class='ocrx_word' id='word_1_325' title='bbox 800 2436 879 2462; x_wconf 82' lang='lat' dir='ltr'><strong>trans</strong></span> <span class='ocrx_word' id='word_1_326' title='bbox 901 2437 965 2463; x_wconf 83' lang='lat' dir='ltr'><strong>Jor-</strong></span> 
     </span>
     <span class='ocr_line' id='line_1_49' title="bbox 187 2477 964 2514; baseline 0.009 -10"><span class='ocrx_word' id='word_1_327' title='bbox 187 2477 314 2512; x_wconf 86' lang='lat' dir='ltr'><strong>danem,</strong></span> <span class='ocrx_word' id='word_1_328' title='bbox 341 2478 388 2505; x_wconf 81' lang='lat' dir='ltr'><strong>liic</strong></span> <span class='ocrx_word' id='word_1_329' title='bbox 417 2478 561 2514; x_wconf 75' lang='lat' dir='ltr'><strong>baptizat,</strong></span> <span class='ocrx_word' id='word_1_330' title='bbox 588 2482 615 2507; x_wconf 89' lang='lat' dir='ltr'><strong>ct</strong></span> <span class='ocrx_word' id='word_1_331' title='bbox 645 2487 748 2508; x_wconf 86' lang='lat' dir='ltr'><strong>omnes</strong></span> <span class='ocrx_word' id='word_1_332' title='bbox 775 2482 897 2510; x_wconf 87' lang='lat' dir='ltr'><strong>veniunt</strong></span> <span class='ocrx_word' id='word_1_333' title='bbox 925 2483 964 2511; x_wconf 85' lang='lat' dir='ltr'><strong>ad</strong></span> 
     </span>
     <span class='ocr_line' id='line_1_50' title="bbox 187 2526 962 2564; baseline 0.008 -12"><span class='ocrx_word' id='word_1_334' title='bbox 187 2532 264 2552; x_wconf 88' lang='lat' dir='ltr'><strong>cum.</strong></span> <span class='ocrx_word' id='word_1_335' title='bbox 288 2535 301 2550; x_wconf 72' lang='lat' dir='ltr'><strong>n</strong></span> <span class='ocrx_word' id='word_1_336' title='bbox 327 2526 454 2554; x_wconf 83' lang='lat' dir='ltr'><strong>Joannes</strong></span> <span class='ocrx_word' id='word_1_337' title='bbox 478 2528 577 2554; x_wconf 80' lang='lat' dir='ltr'><strong>autem</strong></span> <span class='ocrx_word' id='word_1_338' title='bbox 600 2527 711 2562; x_wconf 89' lang='lat' dir='ltr'><strong>optimc</strong></span> <span class='ocrx_word' id='word_1_339' title='bbox 733 2529 887 2564; x_wconf 77' lang='lat' dir='ltr'><strong>respondit</strong></span> <span class='ocrx_word' id='word_1_340' title='bbox 910 2529 962 2558; x_wconf 83' lang='lat' dir='ltr'><strong>eis.</strong></span> 
     </span>
     <span class='ocr_line' id='line_1_51' title="bbox 185 2572 331 2603; baseline 0.014 -5"><span class='ocrx_word' id='word_1_341' title='bbox 185 2572 274 2603; x_wconf 63' lang='lat' dir='ltr'><strong>Jocut„</strong></span> <span class='ocrx_word' id='word_1_342' title='bbox 290 2580 331 2600; x_wconf 87' lang='lat'><strong>111.</strong></span> 
     </span>
    </p>

    <p class='ocr_par' dir='ltr' id='par_1_11' title="bbox 186 2620 961 2706">
     <span class='ocr_line' id='line_1_52' title="bbox 220 2620 961 2658; baseline 0.009 -13"><span class='ocrx_word' id='word_1_343' title='bbox 220 2620 292 2645; x_wconf 73' lang='lat' dir='ltr'><strong>tium</strong></span> <span class='ocrx_word' id='word_1_344' title='bbox 303 2620 475 2648; x_wconf 82' lang='lat' dir='ltr'><strong>all‘errentur</strong></span> <span class='ocrx_word' id='word_1_345' title='bbox 486 2620 522 2648; x_wconf 87' lang='lat' dir='ltr'><strong>dc</strong></span> <span class='ocrx_word' id='word_1_346' title='bbox 536 2620 702 2649; x_wconf 84' lang='lat' dir='ltr'><strong>civitatibus</strong></span> <span class='ocrx_word' id='word_1_347' title='bbox 715 2622 824 2651; x_wconf 87' lang='lat' dir='ltr'><strong>diversi</strong></span> <span class='ocrx_word' id='word_1_348' title='bbox 840 2624 961 2658; x_wconf 76' lang='lat' dir='ltr'><strong>infirmi,</strong></span> 
     </span>
     <span class='ocr_line' id='line_1_53' title="bbox 186 2665 959 2706; baseline 0.009 -14"><span class='ocrx_word' id='word_1_349' title='bbox 186 2665 213 2692; x_wconf 87' lang='lat' dir='ltr'><strong>et</strong></span> <span class='ocrx_word' id='word_1_350' title='bbox 227 2673 244 2693; x_wconf 84' lang='lat' dir='ltr'><strong>a</strong></span> <span class='ocrx_word' id='word_1_351' title='bbox 257 2666 340 2694; x_wconf 86' lang='lat' dir='ltr'><strong>Petro</strong></span> <span class='ocrx_word' id='word_1_352' title='bbox 352 2669 536 2702; x_wconf 75' lang='lat' dir='ltr'><strong>curarentur,</strong></span> <span class='ocrx_word' id='word_1_353' title='bbox 550 2675 696 2704; x_wconf 76' lang='lat' dir='ltr'><strong>exurgens</strong></span> <span class='ocrx_word' id='word_1_354' title='bbox 712 2669 850 2706; x_wconf 87' lang='lat' dir='ltr'><strong>princeps</strong></span> <span class='ocrx_word' id='word_1_355' title='bbox 864 2679 959 2700; x_wconf 79' lang='lat' dir='ltr'><strong>sacer-</strong></span> 
     </span>
    </p>
   </div>
   <div class='ocr_carea' id='block_1_3' title="bbox 806 199 1192 236">
    <p class='ocr_par' dir='ltr' id='par_1_12' title="bbox 806 199 1192 236">
     <span class='ocr_line' id='line_1_54' title="bbox 806 199 1192 236; baseline 0.01 -4"><span class='ocrx_word' id='word_1_356' title='bbox 806 199 941 233; x_wconf 81' lang='lat' dir='ltr'><strong>BIBLIA</strong></span> <span class='ocrx_word' id='word_1_357' title='bbox 962 200 1192 236; x_wconf 85' lang='lat' dir='ltr'><strong>PAUPERUM.</strong></span> 
     </span>
    </p>
   </div>
   <div class='ocr_carea' id='block_1_4' title="bbox 1026 268 1830 1338">
    <p class='ocr_par' dir='ltr' id='par_1_13' title="bbox 1027 268 1817 362">
     <span class='ocr_line' id='line_1_55' title="bbox 1028 268 1817 316; baseline 0.014 -18"><span class='ocrx_word' id='word_1_358' title='bbox 1028 269 1150 306; x_wconf 76' lang='lat' dir='ltr'><strong>domm,</strong></span> <span class='ocrx_word' id='word_1_359' title='bbox 1172 272 1202 300; x_wconf 87' lang='lat' dir='ltr'><strong>et</strong></span> <span class='ocrx_word' id='word_1_360' title='bbox 1214 278 1320 300; x_wconf 89' lang='lat' dir='ltr'><strong>omnes</strong></span> <span class='ocrx_word' id='word_1_361' title='bbox 1340 271 1394 309; x_wconf 88' lang='lat' dir='ltr'><strong>qui</strong></span> <span class='ocrx_word' id='word_1_362' title='bbox 1416 279 1487 302; x_wconf 88' lang='lat' dir='ltr'><strong>cum</strong></span> <span class='ocrx_word' id='word_1_363' title='bbox 1507 272 1561 304; x_wconf 86' lang='lat' dir='ltr'><strong>illo</strong></span> <span class='ocrx_word' id='word_1_364' title='bbox 1580 277 1679 312; x_wconf 77' lang='lat' dir='ltr'><strong>erant,</strong></span> <span class='ocrx_word' id='word_1_365' title='bbox 1701 268 1817 316; x_wconf 65' lang='lat' dir='ltr'><strong>repleti,</strong></span> 
     </span>
     <span class='ocr_line' id='line_1_56' title="bbox 1027 317 1815 362; baseline 0.01 -17"><span class='ocrx_word' id='word_1_366' title='bbox 1027 319 1096 346; x_wconf 86' lang='lat' dir='ltr'><strong>sunt</strong></span> <span class='ocrx_word' id='word_1_367' title='bbox 1107 317 1184 347; x_wconf 82' lang='lat' dir='ltr'><strong>zelo.</strong></span> <span class='ocrx_word' id='word_1_368' title='bbox 1197 318 1277 354; x_wconf 65' lang='lat' dir='ltr'><strong>Act„</strong></span> <span class='ocrx_word' id='word_1_369' title='bbox 1292 326 1322 347; x_wconf 88' lang='lat' dir='ltr'><strong>v.</strong></span> <span class='ocrx_word' id='word_1_370' title='bbox 1498 330 1502 335; x_wconf 93' lang='lat'>·</span> <span class='ocrx_word' id='word_1_371' title='bbox 1720 330 1723 333; x_wconf 86' lang='lat'>·</span> <span class='ocrx_word' id='word_1_372' title='bbox 1744 317 1747 321; x_wconf 72' lang='grc'><strong>’</strong></span> <span class='ocrx_word' id='word_1_373' title='bbox 1777 358 1780 362; x_wconf 41' lang='grc'><em>,</em></span> <span class='ocrx_word' id='word_1_374' title='bbox 1800 317 1815 331; x_wconf 80' lang='grc'><em>”</em></span> 
     </span>
    </p>

    <p class='ocr_par' dir='ltr' id='par_1_14' title="bbox 1026 364 1830 770">
     <span class='ocr_line' id='line_1_57' title="bbox 1062 364 1808 403; baseline 0.011 -10"><span class='ocrx_word' id='word_1_375' title='bbox 1062 364 1226 394; x_wconf 81' lang='lat' dir='ltr'><strong>AEmulator</strong></span> <span class='ocrx_word' id='word_1_376' title='bbox 1245 367 1310 394; x_wconf 86' lang='lat' dir='ltr'><strong>erat</strong></span> <span class='ocrx_word' id='word_1_377' title='bbox 1321 367 1516 403; x_wconf 80' lang='lat' dir='ltr'><strong>paternarum</strong></span> <span class='ocrx_word' id='word_1_378' title='bbox 1529 367 1725 399; x_wconf 80' lang='lat' dir='ltr'><strong>traditionum</strong></span> <span class='ocrx_word' id='word_1_379' title='bbox 1735 372 1808 401; x_wconf 85' lang='lat' dir='ltr'><strong>Sau-</strong></span> 
     </span>
     <span class='ocr_line' id='line_1_58' title="bbox 1027 410 1807 453; baseline 0.01 -14"><span class='ocrx_word' id='word_1_380' title='bbox 1027 410 1074 440; x_wconf 91' lang='lat' dir='ltr'><strong>lus</strong></span> <span class='ocrx_word' id='word_1_381' title='bbox 1087 419 1178 448; x_wconf 83' lang='lat' dir='ltr'><strong>supra</strong></span> <span class='ocrx_word' id='word_1_382' title='bbox 1185 412 1296 441; x_wconf 87' lang='lat' dir='ltr'><strong>multos</strong></span> <span class='ocrx_word' id='word_1_383' title='bbox 1307 415 1473 442; x_wconf 82' lang='lat' dir='ltr'><strong>cooetaneos</strong></span> <span class='ocrx_word' id='word_1_384' title='bbox 1481 422 1564 450; x_wconf 91' lang='lat' dir='ltr'><strong>suos,</strong></span> <span class='ocrx_word' id='word_1_385' title='bbox 1578 416 1703 453; x_wconf 80' lang='lat' dir='ltr'><strong>quando</strong></span> <span class='ocrx_word' id='word_1_386' title='bbox 1716 416 1807 447; x_wconf 84' lang='lat' dir='ltr'><strong>deva-</strong></span> 
     </span>
     <span class='ocr_line' id='line_1_59' title="bbox 1027 457 1807 498; baseline 0.01 -12"><span class='ocrx_word' id='word_1_387' title='bbox 1027 457 1124 487; x_wconf 77' lang='lat' dir='ltr'><strong>stabat</strong></span> <span class='ocrx_word' id='word_1_388' title='bbox 1137 459 1298 488; x_wconf 82' lang='lat' dir='ltr'><strong>Ecclesiam</strong></span> <span class='ocrx_word' id='word_1_389' title='bbox 1310 468 1367 497; x_wconf 87' lang='lat' dir='ltr'><strong>per</strong></span> <span class='ocrx_word' id='word_1_390' title='bbox 1381 459 1489 490; x_wconf 89' lang='lat' dir='ltr'><strong>domos</strong></span> <span class='ocrx_word' id='word_1_391' title='bbox 1503 461 1627 498; x_wconf 81' lang='lat' dir='ltr'><strong>intrans,</strong></span> <span class='ocrx_word' id='word_1_392' title='bbox 1646 465 1676 492; x_wconf 85' lang='lat' dir='ltr'><strong>et</strong></span> <span class='ocrx_word' id='word_1_393' title='bbox 1688 464 1807 494; x_wconf 83' lang='lat' dir='ltr'><strong>trahens</strong></span> 
     </span>
     <span class='ocr_line' id='line_1_60' title="bbox 1026 505 1830 547; baseline 0.011 -14"><span class='ocrx_word' id='word_1_394' title='bbox 1026 505 1107 535; x_wconf 89' lang='lat' dir='ltr'><strong>viros</strong></span> <span class='ocrx_word' id='word_1_395' title='bbox 1121 513 1156 534; x_wconf 84' lang='lat' dir='ltr'><strong>ac</strong></span> <span class='ocrx_word' id='word_1_396' title='bbox 1175 506 1315 535; x_wconf 88' lang='lat' dir='ltr'><strong>mulieres</strong></span> <span class='ocrx_word' id='word_1_397' title='bbox 1329 507 1466 536; x_wconf 85' lang='lat' dir='ltr'><strong>tradebat</strong></span> <span class='ocrx_word' id='word_1_398' title='bbox 1479 508 1511 537; x_wconf 92' lang='lat' dir='ltr'><strong>in</strong></span> <span class='ocrx_word' id='word_1_399' title='bbox 1529 509 1710 547; x_wconf 83' lang='lat' dir='ltr'><strong>custodiam3</strong></span> <span class='ocrx_word' id='word_1_400' title='bbox 1725 512 1808 542; x_wconf 79' lang='lat' dir='ltr'><strong>unde</strong></span> <span class='ocrx_word' id='word_1_401' title='bbox 1826 514 1830 518; x_wconf 85' lang='lat'><em>&#39;</em></span> 
     </span>
     <span class='ocr_line' id='line_1_61' title="bbox 1028 553 1808 597; baseline 0.01 -16"><span class='ocrx_word' id='word_1_402' title='bbox 1028 554 1057 582; x_wconf 85' lang='lat' dir='ltr'><strong>et</strong></span> <span class='ocrx_word' id='word_1_403' title='bbox 1071 553 1184 591; x_wconf 84' lang='lat' dir='ltr'><strong>accepit</strong></span> <span class='ocrx_word' id='word_1_404' title='bbox 1194 553 1306 582; x_wconf 87' lang='lat' dir='ltr'><strong>litteras</strong></span> <span class='ocrx_word' id='word_1_405' title='bbox 1316 562 1335 583; x_wconf 82' lang='lat' dir='ltr'><strong>a</strong></span> <span class='ocrx_word' id='word_1_406' title='bbox 1347 554 1483 592; x_wconf 89' lang='lat' dir='ltr'><strong>principe</strong></span> <span class='ocrx_word' id='word_1_407' title='bbox 1495 557 1685 587; x_wconf 85' lang='lat' dir='ltr'><strong>sacerdotum</strong></span> <span class='ocrx_word' id='word_1_408' title='bbox 1699 559 1740 588; x_wconf 82' lang='lat' dir='ltr'><strong>ad</strong></span> <span class='ocrx_word' id='word_1_409' title='bbox 1755 568 1808 597; x_wconf 77' lang='lat' dir='ltr'><strong>sy-</strong></span> 
     </span>
     <span class='ocr_line' id='line_1_62' title="bbox 1026 602 1808 643; baseline 0.01 -15"><span class='ocrx_word' id='word_1_410' title='bbox 1026 607 1172 636; x_wconf 82' lang='lat' dir='ltr'><strong>nagogas,</strong></span> <span class='ocrx_word' id='word_1_411' title='bbox 1186 609 1254 638; x_wconf 71' lang='lat' dir='ltr'><strong>quse</strong></span> <span class='ocrx_word' id='word_1_412' title='bbox 1267 603 1352 630; x_wconf 84' lang='lat' dir='ltr'><strong>erant</strong></span> <span class='ocrx_word' id='word_1_413' title='bbox 1365 602 1396 630; x_wconf 86' lang='lat' dir='ltr'><strong>in</strong></span> <span class='ocrx_word' id='word_1_414' title='bbox 1411 603 1571 640; x_wconf 85' lang='lat' dir='ltr'><strong>Damasco,</strong></span> <span class='ocrx_word' id='word_1_415' title='bbox 1587 606 1620 633; x_wconf 92' lang='lat' dir='ltr'><strong>ut</strong></span> <span class='ocrx_word' id='word_1_416' title='bbox 1632 605 1656 633; x_wconf 89' lang='lat' dir='ltr'><strong>si</strong></span> <span class='ocrx_word' id='word_1_417' title='bbox 1671 613 1749 643; x_wconf 88' lang='lat' dir='ltr'><strong>quos</strong></span> <span class='ocrx_word' id='word_1_418' title='bbox 1760 607 1808 636; x_wconf 90' lang='lat' dir='ltr'><strong>in-</strong></span> 
     </span>
     <span class='ocr_line' id='line_1_63' title="bbox 1026 647 1806 689; baseline 0.009 -13"><span class='ocrx_word' id='word_1_419' title='bbox 1026 647 1142 677; x_wconf 83' lang='lat' dir='ltr'><strong>veniret</strong></span> <span class='ocrx_word' id='word_1_420' title='bbox 1154 648 1208 683; x_wconf 90' lang='lat' dir='ltr'><strong>ibi,</strong></span> <span class='ocrx_word' id='word_1_421' title='bbox 1224 649 1277 685; x_wconf 90' lang='lat' dir='ltr'><strong>qui</strong></span> <span class='ocrx_word' id='word_1_422' title='bbox 1288 649 1462 679; x_wconf 82' lang='lat' dir='ltr'><strong>invocarent</strong></span> <span class='ocrx_word' id='word_1_423' title='bbox 1478 658 1592 680; x_wconf 91' lang='lat' dir='ltr'><strong>nomen</strong></span> <span class='ocrx_word' id='word_1_424' title='bbox 1605 653 1720 689; x_wconf 89' lang='lat' dir='ltr'><strong>Christi,</strong></span> <span class='ocrx_word' id='word_1_425' title='bbox 1739 655 1806 683; x_wconf 89' lang='lat' dir='ltr'><strong>vin-</strong></span> 
     </span>
     <span class='ocr_line' id='line_1_64' title="bbox 1027 694 1808 736; baseline 0.012 -14"><span class='ocrx_word' id='word_1_426' title='bbox 1027 695 1090 723; x_wconf 84' lang='lat' dir='ltr'><strong>ctos</strong></span> <span class='ocrx_word' id='word_1_427' title='bbox 1107 694 1286 732; x_wconf 83' lang='lat' dir='ltr'><strong>perduceret</strong></span> <span class='ocrx_word' id='word_1_428' title='bbox 1307 695 1499 726; x_wconf 81' lang='lat' dir='ltr'><strong>Hierusalem.</strong></span> <span class='ocrx_word' id='word_1_429' title='bbox 1516 697 1590 735; x_wconf 66' lang='lat' dir='ltr'><strong>Gal„</strong></span> <span class='ocrx_word' id='word_1_430' title='bbox 1603 707 1614 728; x_wconf 88' lang='lat'>1</span> <span class='ocrx_word' id='word_1_431' title='bbox 1623 709 1633 736; x_wconf 68' lang='grc' dir='ltr'><strong><em>ς</em></strong></span> <span class='ocrx_word' id='word_1_432' title='bbox 1656 701 1734 736; x_wconf 73' lang='lat' dir='ltr'><strong>Act„</strong></span> <span class='ocrx_word' id='word_1_433' title='bbox 1753 709 1808 731; x_wconf 81' lang='lat' dir='ltr'><strong>vm</strong></span> 
     </span>
     <span class='ocr_line' id='line_1_65' title="bbox 1027 742 1111 770; baseline 0.012 -1"><span class='ocrx_word' id='word_1_434' title='bbox 1027 742 1057 770; x_wconf 88' lang='lat' dir='ltr'><strong>et</strong></span> <span class='ocrx_word' id='word_1_435' title='bbox 1069 749 1111 770; x_wconf 78' lang='lat' dir='ltr'><strong>rx.</strong></span> 
     </span>
    </p>

    <p class='ocr_par' dir='ltr' id='par_1_15' title="bbox 1027 788 1810 1013">
     <span class='ocr_line' id='line_1_66' title="bbox 1063 788 1808 828; baseline 0.012 -12"><span class='ocrx_word' id='word_1_436' title='bbox 1063 788 1202 818; x_wconf 84' lang='lat' dir='ltr'><strong>Videntes</strong></span> <span class='ocrx_word' id='word_1_437' title='bbox 1226 789 1320 818; x_wconf 78' lang='lat' dir='ltr'><strong>Judaei</strong></span> <span class='ocrx_word' id='word_1_438' title='bbox 1343 791 1429 828; x_wconf 86' lang='lat' dir='ltr'><strong>quod</strong></span> <span class='ocrx_word' id='word_1_439' title='bbox 1447 799 1525 828; x_wconf 88' lang='lat' dir='ltr'><strong>pene</strong></span> <span class='ocrx_word' id='word_1_440' title='bbox 1542 793 1682 823; x_wconf 82' lang='lat' dir='ltr'><strong>universa</strong></span> <span class='ocrx_word' id='word_1_441' title='bbox 1705 795 1808 825; x_wconf 81' lang='lat' dir='ltr'><strong>civitas</strong></span> 
     </span>
     <span class='ocr_line' id='line_1_67' title="bbox 1028 836 1810 876; baseline 0.012 -13"><span class='ocrx_word' id='word_1_442' title='bbox 1028 837 1209 864; x_wconf 85' lang='lat' dir='ltr'><strong>convenerat</strong></span> <span class='ocrx_word' id='word_1_443' title='bbox 1222 836 1327 866; x_wconf 86' lang='lat' dir='ltr'><strong>audire</strong></span> <span class='ocrx_word' id='word_1_444' title='bbox 1340 838 1469 867; x_wconf 88' lang='lat' dir='ltr'><strong>verbum</strong></span> <span class='ocrx_word' id='word_1_445' title='bbox 1484 839 1545 874; x_wconf 87' lang='lat' dir='ltr'><strong>Dei,</strong></span> <span class='ocrx_word' id='word_1_446' title='bbox 1561 839 1646 876; x_wconf 86' lang='lat' dir='ltr'><strong>quod</strong></span> <span class='ocrx_word' id='word_1_447' title='bbox 1659 841 1768 871; x_wconf 85' lang='lat' dir='ltr'><strong>Paulus</strong></span> <span class='ocrx_word' id='word_1_448' title='bbox 1780 844 1810 872; x_wconf 83' lang='lat' dir='ltr'><strong>et</strong></span> 
     </span>
     <span class='ocr_line' id='line_1_68' title="bbox 1027 882 1810 923; baseline 0.011 -14"><span class='ocrx_word' id='word_1_449' title='bbox 1027 882 1177 910; x_wconf 82' lang='lat' dir='ltr'><strong>Barnabas</strong></span> <span class='ocrx_word' id='word_1_450' title='bbox 1186 883 1400 921; x_wconf 65' lang='lat' dir='ltr'><strong>mendicabant,</strong></span> <span class='ocrx_word' id='word_1_451' title='bbox 1410 885 1516 922; x_wconf 83' lang='lat' dir='ltr'><strong>repleti</strong></span> <span class='ocrx_word' id='word_1_452' title='bbox 1526 889 1595 915; x_wconf 91' lang='lat' dir='ltr'><strong>sunt</strong></span> <span class='ocrx_word' id='word_1_453' title='bbox 1607 887 1684 923; x_wconf 85' lang='lat' dir='ltr'><strong>zelo,</strong></span> <span class='ocrx_word' id='word_1_454' title='bbox 1699 891 1728 916; x_wconf 89' lang='lat' dir='ltr'><strong>et</strong></span> <span class='ocrx_word' id='word_1_455' title='bbox 1740 896 1810 918; x_wconf 88' lang='lat' dir='ltr'><strong>con-</strong></span> 
     </span>
     <span class='ocr_line' id='line_1_69' title="bbox 1027 929 1810 971; baseline 0.01 -14"><span class='ocrx_word' id='word_1_456' title='bbox 1027 929 1213 958; x_wconf 83' lang='lat' dir='ltr'><strong>tradicebant</strong></span> <span class='ocrx_word' id='word_1_457' title='bbox 1231 929 1278 959; x_wconf 89' lang='lat' dir='ltr'><strong>his</strong></span> <span class='ocrx_word' id='word_1_458' title='bbox 1297 939 1366 968; x_wconf 83' lang='lat' dir='ltr'><strong>quae</strong></span> <span class='ocrx_word' id='word_1_459' title='bbox 1390 932 1568 962; x_wconf 87' lang='lat' dir='ltr'><strong>dicebantur</strong></span> <span class='ocrx_word' id='word_1_460' title='bbox 1585 941 1604 963; x_wconf 81' lang='lat' dir='ltr'><strong>a</strong></span> <span class='ocrx_word' id='word_1_461' title='bbox 1622 934 1725 971; x_wconf 86' lang='lat' dir='ltr'><strong>Paulo,</strong></span> <span class='ocrx_word' id='word_1_462' title='bbox 1743 935 1810 965; x_wconf 83' lang='lat' dir='ltr'><strong>bla-</strong></span> 
     </span>
     <span class='ocr_line' id='line_1_70' title="bbox 1027 976 1394 1013; baseline 0.011 -9"><span class='ocrx_word' id='word_1_463' title='bbox 1027 976 1225 1013; x_wconf 83' lang='lat' dir='ltr'><strong>sphemantes.</strong></span> <span class='ocrx_word' id='word_1_464' title='bbox 1241 979 1315 1012; x_wconf 71' lang='lat' dir='ltr'><strong>Act„</strong></span> <span class='ocrx_word' id='word_1_465' title='bbox 1331 987 1394 1008; x_wconf 85' lang='lat' dir='ltr'><strong>xm.</strong></span> 
     </span>
    </p>

    <p class='ocr_par' dir='ltr' id='par_1_16' title="bbox 1027 1024 1810 1338">
     <span class='ocr_line' id='line_1_71' title="bbox 1064 1024 1810 1064; baseline 0.009 -13"><span class='ocrx_word' id='word_1_466' title='bbox 1064 1024 1196 1053; x_wconf 85' lang='lat' dir='ltr'><strong>venienti</strong></span> <span class='ocrx_word' id='word_1_467' title='bbox 1220 1025 1457 1062; x_wconf 83' lang='lat' dir='ltr'><strong>Hierosolymam</strong></span> <span class='ocrx_word' id='word_1_468' title='bbox 1482 1027 1574 1057; x_wconf 83' lang='lat' dir='ltr'><strong>Paulo</strong></span> <span class='ocrx_word' id='word_1_469' title='bbox 1582 1049 1592 1064; x_wconf 94' lang='lat'><strong>,</strong></span> <span class='ocrx_word' id='word_1_470' title='bbox 1622 1028 1762 1058; x_wconf 87' lang='lat' dir='ltr'><strong>dixerunt</strong></span> <span class='ocrx_word' id='word_1_471' title='bbox 1782 1030 1810 1058; x_wconf 91' lang='lat' dir='ltr'><strong>ei</strong></span> 
     </span>
     <span class='ocr_line' id='line_1_72' title="bbox 1027 1070 1809 1113; baseline 0.009 -15"><span class='ocrx_word' id='word_1_472' title='bbox 1027 1070 1131 1099; x_wconf 85' lang='lat' dir='ltr'><strong>fratres</strong></span> <span class='ocrx_word' id='word_1_473' title='bbox 1146 1079 1153 1099; x_wconf 74' lang='grc' dir='ltr'>ε</span> <span class='ocrx_word' id='word_1_474' title='bbox 1174 1082 1188 1098; x_wconf 77' lang='grc' dir='ltr'>α</span> <span class='ocrx_word' id='word_1_475' title='bbox 1202 1072 1290 1100; x_wconf 82' lang='lat' dir='ltr'><strong>Vides</strong></span> <span class='ocrx_word' id='word_1_476' title='bbox 1305 1076 1379 1109; x_wconf 84' lang='lat' dir='ltr'><strong>quot</strong></span> <span class='ocrx_word' id='word_1_477' title='bbox 1394 1074 1490 1102; x_wconf 87' lang='lat' dir='ltr'><strong>millia</strong></span> <span class='ocrx_word' id='word_1_478' title='bbox 1505 1076 1573 1102; x_wconf 86' lang='lat' dir='ltr'><strong>sunt</strong></span> <span class='ocrx_word' id='word_1_479' title='bbox 1587 1075 1618 1103; x_wconf 93' lang='lat' dir='ltr'><strong>in</strong></span> <span class='ocrx_word' id='word_1_480' title='bbox 1632 1075 1742 1104; x_wconf 77' lang='lat' dir='ltr'><strong>ludaeis</strong></span> <span class='ocrx_word' id='word_1_481' title='bbox 1757 1077 1809 1113; x_wconf 90' lang='lat' dir='ltr'><strong>qui</strong></span> 
     </span>
     <span class='ocr_line' id='line_1_73' title="bbox 1028 1117 1806 1159; baseline 0.006 -14"><span class='ocrx_word' id='word_1_482' title='bbox 1028 1117 1227 1154; x_wconf 86' lang='lat' dir='ltr'><strong>crediderunt,</strong></span> <span class='ocrx_word' id='word_1_483' title='bbox 1243 1121 1271 1148; x_wconf 87' lang='lat' dir='ltr'><strong>et</strong></span> <span class='ocrx_word' id='word_1_484' title='bbox 1287 1127 1392 1149; x_wconf 88' lang='lat' dir='ltr'><strong>omnes</strong></span> <span class='ocrx_word' id='word_1_485' title='bbox 1407 1121 1595 1150; x_wconf 77' lang='lat' dir='ltr'><strong>aemulatores</strong></span> <span class='ocrx_word' id='word_1_486' title='bbox 1609 1124 1677 1150; x_wconf 91' lang='lat' dir='ltr'><strong>sunt</strong></span> <span class='ocrx_word' id='word_1_487' title='bbox 1691 1122 1775 1159; x_wconf 76' lang='lat' dir='ltr'><strong>legIS.</strong></span> <span class='ocrx_word' id='word_1_488' title='bbox 1791 1133 1806 1150; x_wconf 71' lang='lat' dir='ltr'><strong>n</strong></span> 
     </span>
     <span class='ocr_line' id='line_1_74' title="bbox 1027 1166 1807 1206; baseline 0.008 -14"><span class='ocrx_word' id='word_1_489' title='bbox 1027 1166 1103 1201; x_wconf 66' lang='lat' dir='ltr'><strong>Act„</strong></span> <span class='ocrx_word' id='word_1_490' title='bbox 1119 1173 1179 1194; x_wconf 80' lang='lat' dir='ltr'><strong>xxi.</strong></span> <span class='ocrx_word' id='word_1_491' title='bbox 1195 1167 1227 1195; x_wconf 88' lang='lat' dir='ltr'><strong>Et</strong></span> <span class='ocrx_word' id='word_1_492' title='bbox 1243 1167 1281 1196; x_wconf 91' lang='lat' dir='ltr'><strong>de</strong></span> <span class='ocrx_word' id='word_1_493' title='bbox 1296 1167 1405 1196; x_wconf 86' lang='lat' dir='ltr'><strong>talibus</strong></span> <span class='ocrx_word' id='word_1_494' title='bbox 1419 1168 1489 1196; x_wconf 88' lang='lat' dir='ltr'><strong>dicit</strong></span> <span class='ocrx_word' id='word_1_495' title='bbox 1503 1168 1566 1206; x_wconf 88' lang='lat' dir='ltr'><strong>ipse</strong></span> <span class='ocrx_word' id='word_1_496' title='bbox 1582 1169 1701 1204; x_wconf 88' lang='lat' dir='ltr'><strong>Paulus,</strong></span> <span class='ocrx_word' id='word_1_497' title='bbox 1717 1171 1807 1204; x_wconf 65' lang='lat' dir='ltr'><strong>Rom„</strong></span> 
     </span>
     <span class='ocr_line' id='line_1_75' title="bbox 1027 1213 1802 1253; baseline 0.006 -12"><span class='ocrx_word' id='word_1_498' title='bbox 1027 1219 1058 1247; x_wconf 82' lang='lat' dir='ltr'><strong>x,</strong></span> <span class='ocrx_word' id='word_1_499' title='bbox 1073 1213 1090 1240; x_wconf 75' lang='lat'><strong>2</strong></span> <span class='ocrx_word' id='word_1_500' title='bbox 1107 1221 1114 1240; x_wconf 94' lang='lat'><strong>:</strong></span> <span class='ocrx_word' id='word_1_501' title='bbox 1133 1224 1147 1239; x_wconf 90' lang='lat'>«</span> <span class='ocrx_word' id='word_1_502' title='bbox 1171 1215 1383 1244; x_wconf 86' lang='lat' dir='ltr'><strong>Testimonium</strong></span> <span class='ocrx_word' id='word_1_503' title='bbox 1406 1215 1529 1252; x_wconf 86' lang='lat' dir='ltr'><strong>quidem</strong></span> <span class='ocrx_word' id='word_1_504' title='bbox 1555 1217 1700 1253; x_wconf 84' lang='lat' dir='ltr'><strong>perhibeo</strong></span> <span class='ocrx_word' id='word_1_505' title='bbox 1724 1217 1782 1246; x_wconf 89' lang='lat' dir='ltr'><strong>illis</strong></span> <span class='ocrx_word' id='word_1_506' title='bbox 1792 1239 1802 1253; x_wconf 96' lang='lat'><strong>,</strong></span> 
     </span>
     <span class='ocr_line' id='line_1_76' title="bbox 1028 1259 1810 1300; baseline 0.008 -13"><span class='ocrx_word' id='word_1_507' title='bbox 1028 1259 1111 1295; x_wconf 88' lang='lat' dir='ltr'><strong>quod</strong></span> <span class='ocrx_word' id='word_1_508' title='bbox 1121 1261 1342 1290; x_wconf 84' lang='lat' dir='ltr'><strong>aemulationem</strong></span> <span class='ocrx_word' id='word_1_509' title='bbox 1353 1262 1477 1299; x_wconf 89' lang='lat' dir='ltr'><strong>quidem</strong></span> <span class='ocrx_word' id='word_1_510' title='bbox 1486 1263 1535 1292; x_wconf 91' lang='lat' dir='ltr'><strong>Dei</strong></span> <span class='ocrx_word' id='word_1_511' title='bbox 1546 1263 1667 1300; x_wconf 86' lang='lat' dir='ltr'><strong>habent,</strong></span> <span class='ocrx_word' id='word_1_512' title='bbox 1680 1263 1734 1293; x_wconf 86' lang='lat' dir='ltr'><strong>sed</strong></span> <span class='ocrx_word' id='word_1_513' title='bbox 1746 1271 1810 1293; x_wconf 89' lang='lat' dir='ltr'><strong>non</strong></span> 
     </span>
     <span class='ocr_line' id='line_1_77' title="bbox 1027 1307 1398 1338; baseline 0.003 -3"><span class='ocrx_word' id='word_1_514' title='bbox 1027 1307 1192 1337; x_wconf 86' lang='lat' dir='ltr'><strong>secundum</strong></span> <span class='ocrx_word' id='word_1_515' title='bbox 1205 1309 1368 1338; x_wconf 82' lang='lat' dir='ltr'><strong>scientiam.</strong></span> <span class='ocrx_word' id='word_1_516' title='bbox 1384 1320 1398 1336; x_wconf 63' lang='grc' dir='ltr'><strong>ι)</strong></span> 
     </span>
    </p>
   </div>
   <div class='ocr_carea' id='block_1_5' title="bbox 1289 1403 1545 1439">
    <p class='ocr_par' dir='ltr' id='par_1_17' title="bbox 1289 1403 1545 1439">
     <span class='ocr_line' id='line_1_78' title="bbox 1289 1403 1545 1439; baseline 0.004 -1"><span class='ocrx_word' id='word_1_517' title='bbox 1289 1403 1433 1439; x_wconf 88' lang='lat' dir='ltr'><strong>CAPUT</strong></span> <span class='ocrx_word' id='word_1_518' title='bbox 1462 1405 1545 1439; x_wconf 84' lang='lat' dir='ltr'><strong>LIII.</strong></span> 
     </span>
    </p>
   </div>
   <div class='ocr_carea' id='block_1_6' title="bbox 1202 1476 1634 1512">
    <p class='ocr_par' dir='ltr' id='par_1_18' title="bbox 1202 1476 1634 1512">
     <span class='ocr_line' id='line_1_79' title="bbox 1202 1476 1634 1512; baseline 0.005 -9"><span class='ocrx_word' id='word_1_519' title='bbox 1202 1476 1240 1503; x_wconf 82' lang='lat' dir='ltr'><strong>De</strong></span> <span class='ocrx_word' id='word_1_520' title='bbox 1255 1476 1402 1512; x_wconf 64' lang='lat' dir='ltr'><strong>prudentia</strong></span> <span class='ocrx_word' id='word_1_521' title='bbox 1421 1479 1445 1505; x_wconf 81' lang='lat' dir='ltr'><strong>et</strong></span> <span class='ocrx_word' id='word_1_522' title='bbox 1465 1477 1634 1506; x_wconf 75' lang='lat' dir='ltr'><strong>discretione.</strong></span> 
     </span>
    </p>
   </div>
   <div class='ocr_carea' id='block_1_7' title="bbox 1021 1543 1810 2707">
    <p class='ocr_par' dir='ltr' id='par_1_19' title="bbox 1027 1543 1810 1769">
     <span class='ocr_line' id='line_1_80' title="bbox 1063 1543 1810 1584; baseline 0.009 -13"><span class='ocrx_word' id='word_1_523' title='bbox 1063 1543 1213 1573; x_wconf 76' lang='lat' dir='ltr'><strong>Abraham</strong></span> <span class='ocrx_word' id='word_1_524' title='bbox 1227 1545 1350 1574; x_wconf 88' lang='lat' dir='ltr'><strong>veniens</strong></span> <span class='ocrx_word' id='word_1_525' title='bbox 1370 1547 1401 1575; x_wconf 90' lang='lat' dir='ltr'><strong>in</strong></span> <span class='ocrx_word' id='word_1_526' title='bbox 1419 1548 1579 1584; x_wconf 82' lang='lat' dir='ltr'><strong>AEgyptum</strong></span> <span class='ocrx_word' id='word_1_527' title='bbox 1594 1547 1632 1576; x_wconf 85' lang='lat' dir='ltr'><strong>de</strong></span> <span class='ocrx_word' id='word_1_528' title='bbox 1647 1556 1740 1578; x_wconf 82' lang='lat' dir='ltr'><strong>uxore</strong></span> <span class='ocrx_word' id='word_1_529' title='bbox 1754 1557 1810 1578; x_wconf 81' lang='lat' dir='ltr'><strong>sua</strong></span> 
     </span>
     <span class='ocr_line' id='line_1_81' title="bbox 1027 1591 1809 1630; baseline 0.008 -12"><span class='ocrx_word' id='word_1_530' title='bbox 1027 1591 1190 1627; x_wconf 83' lang='lat' dir='ltr'><strong>prudenter</strong></span> <span class='ocrx_word' id='word_1_531' title='bbox 1203 1595 1230 1620; x_wconf 89' lang='lat' dir='ltr'><strong>et</strong></span> <span class='ocrx_word' id='word_1_532' title='bbox 1243 1595 1326 1622; x_wconf 88' lang='lat' dir='ltr'><strong>caute</strong></span> <span class='ocrx_word' id='word_1_533' title='bbox 1341 1593 1448 1622; x_wconf 82' lang='lat' dir='ltr'><strong>celavit</strong></span> <span class='ocrx_word' id='word_1_534' title='bbox 1459 1595 1623 1630; x_wconf 83' lang='lat' dir='ltr'><strong>veritatem,</strong></span> <span class='ocrx_word' id='word_1_535' title='bbox 1638 1603 1694 1624; x_wconf 88' lang='lat' dir='ltr'><strong>nec</strong></span> <span class='ocrx_word' id='word_1_536' title='bbox 1708 1597 1809 1625; x_wconf 87' lang='lat' dir='ltr'><strong>tamen</strong></span> 
     </span>
     <span class='ocr_line' id='line_1_82' title="bbox 1028 1639 1805 1675; baseline 0.008 -9"><span class='ocrx_word' id='word_1_537' title='bbox 1028 1639 1151 1667; x_wconf 86' lang='lat' dir='ltr'><strong>asseruit</strong></span> <span class='ocrx_word' id='word_1_538' title='bbox 1166 1639 1341 1675; x_wconf 77' lang='lat' dir='ltr'><strong>falsitatem,</strong></span> <span class='ocrx_word' id='word_1_539' title='bbox 1356 1641 1458 1670; x_wconf 85' lang='lat' dir='ltr'><strong>dicens</strong></span> <span class='ocrx_word' id='word_1_540' title='bbox 1473 1650 1480 1670; x_wconf 93' lang='lat'>:</span> <span class='ocrx_word' id='word_1_541' title='bbox 1505 1652 1519 1668; x_wconf 73' lang='grc' dir='ltr'><strong>(ι</strong></span> <span class='ocrx_word' id='word_1_542' title='bbox 1538 1643 1628 1671; x_wconf 89' lang='lat' dir='ltr'><strong>Soror</strong></span> <span class='ocrx_word' id='word_1_543' title='bbox 1642 1651 1709 1672; x_wconf 87' lang='lat' dir='ltr'><strong>mea</strong></span> <span class='ocrx_word' id='word_1_544' title='bbox 1724 1645 1776 1672; x_wconf 88' lang='lat' dir='ltr'><strong>est.</strong></span> <span class='ocrx_word' id='word_1_545' title='bbox 1791 1654 1805 1670; x_wconf 80' lang='lat' dir='ltr'><strong>i&gt;</strong></span> 
     </span>
     <span class='ocr_line' id='line_1_83' title="bbox 1030 1686 1807 1725; baseline 0.008 -12"><span class='ocrx_word' id='word_1_546' title='bbox 1030 1686 1112 1721; x_wconf 84' lang='lat' dir='ltr'><strong>Gen.,</strong></span> <span class='ocrx_word' id='word_1_547' title='bbox 1130 1694 1181 1715; x_wconf 86' lang='lat' dir='ltr'><strong>xn.</strong></span> <span class='ocrx_word' id='word_1_548' title='bbox 1204 1687 1305 1716; x_wconf 89' lang='lat' dir='ltr'><strong>Simile</strong></span> <span class='ocrx_word' id='word_1_549' title='bbox 1328 1689 1437 1716; x_wconf 88' lang='lat' dir='ltr'><strong>accidit</strong></span> <span class='ocrx_word' id='word_1_550' title='bbox 1458 1689 1501 1724; x_wconf 91' lang='lat' dir='ltr'><strong>ei,</strong></span> <span class='ocrx_word' id='word_1_551' title='bbox 1521 1689 1646 1725; x_wconf 89' lang='lat' dir='ltr'><strong>quando</strong></span> <span class='ocrx_word' id='word_1_552' title='bbox 1667 1689 1749 1718; x_wconf 84' lang='lat' dir='ltr'><strong>venit</strong></span> <span class='ocrx_word' id='word_1_553' title='bbox 1768 1691 1807 1719; x_wconf 87' lang='lat' dir='ltr'><strong>ad</strong></span> 
     </span>
     <span class='ocr_line' id='line_1_84' title="bbox 1027 1733 1368 1769; baseline 0.009 -9"><span class='ocrx_word' id='word_1_554' title='bbox 1027 1733 1209 1768; x_wconf 66' lang='lat' dir='ltr'><strong>Abimfflech,</strong></span> <span class='ocrx_word' id='word_1_555' title='bbox 1227 1734 1306 1769; x_wconf 64' lang='lat' dir='ltr'><strong>Gen„</strong></span> <span class='ocrx_word' id='word_1_556' title='bbox 1321 1743 1368 1763; x_wconf 93' lang='lat' dir='ltr'><strong>xx.</strong></span> 
     </span>
    </p>

    <p class='ocr_par' dir='ltr' id='par_1_20' title="bbox 1026 1781 1806 1865">
     <span class='ocr_line' id='line_1_85' title="bbox 1063 1781 1806 1819; baseline 0.007 -11"><span class='ocrx_word' id='word_1_557' title='bbox 1063 1781 1225 1809; x_wconf 86' lang='lat' dir='ltr'><strong>Prudenter</strong></span> <span class='ocrx_word' id='word_1_558' title='bbox 1240 1781 1387 1816; x_wconf 84' lang='lat' dir='ltr'><strong>separavit</strong></span> <span class='ocrx_word' id='word_1_559' title='bbox 1406 1789 1437 1808; x_wconf 86' lang='lat' dir='ltr'><strong>se</strong></span> <span class='ocrx_word' id='word_1_560' title='bbox 1456 1781 1607 1811; x_wconf 81' lang='lat' dir='ltr'><strong>Abraham</strong></span> <span class='ocrx_word' id='word_1_561' title='bbox 1623 1791 1642 1811; x_wconf 89' lang='lat' dir='ltr'><strong>a</strong></span> <span class='ocrx_word' id='word_1_562' title='bbox 1661 1783 1748 1819; x_wconf 84' lang='lat' dir='ltr'><strong>Loth,</strong></span> <span class='ocrx_word' id='word_1_563' title='bbox 1767 1791 1806 1813; x_wconf 88' lang='lat' dir='ltr'><strong>ne</strong></span> 
     </span>
     <span class='ocr_line' id='line_1_86' title="bbox 1026 1827 1804 1865; baseline 0.005 -10"><span class='ocrx_word' id='word_1_564' title='bbox 1026 1830 1158 1862; x_wconf 73' lang='lat' dir='ltr'><strong>pastores</strong></span> <span class='ocrx_word' id='word_1_565' title='bbox 1173 1834 1278 1856; x_wconf 86' lang='lat' dir='ltr'><strong>eorum</strong></span> <span class='ocrx_word' id='word_1_566' title='bbox 1288 1827 1327 1855; x_wconf 88' lang='lat' dir='ltr'><strong>ad</strong></span> <span class='ocrx_word' id='word_1_567' title='bbox 1337 1827 1464 1856; x_wconf 72' lang='lat' dir='ltr'><strong>invicem</strong></span> <span class='ocrx_word' id='word_1_568' title='bbox 1474 1827 1632 1863; x_wconf 72' lang='lat' dir='ltr'><strong>litigarent.</strong></span> <span class='ocrx_word' id='word_1_569' title='bbox 1650 1830 1729 1865; x_wconf 67' lang='lat' dir='ltr'><strong>Gen„</strong></span> <span class='ocrx_word' id='word_1_570' title='bbox 1742 1838 1804 1860; x_wconf 91' lang='lat' dir='ltr'><strong>xm.</strong></span> 
     </span>
    </p>

    <p class='ocr_par' dir='ltr' id='par_1_21' title="bbox 1026 1874 1807 2003">
     <span class='ocr_line' id='line_1_87' title="bbox 1062 1874 1807 1911; baseline 0.007 -10"><span class='ocrx_word' id='word_1_571' title='bbox 1062 1874 1187 1902; x_wconf 85' lang='lat' dir='ltr'><strong>Discrete</strong></span> <span class='ocrx_word' id='word_1_572' title='bbox 1206 1874 1316 1902; x_wconf 86' lang='lat' dir='ltr'><strong>dimisit</strong></span> <span class='ocrx_word' id='word_1_573' title='bbox 1334 1874 1484 1903; x_wconf 79' lang='lat' dir='ltr'><strong>Abraham</strong></span> <span class='ocrx_word' id='word_1_574' title='bbox 1500 1875 1568 1903; x_wconf 88' lang='lat' dir='ltr'><strong>filiis</strong></span> <span class='ocrx_word' id='word_1_575' title='bbox 1584 1876 1658 1911; x_wconf 85' lang='lat' dir='ltr'><strong>suis,</strong></span> <span class='ocrx_word' id='word_1_576' title='bbox 1675 1876 1749 1905; x_wconf 86' lang='lat' dir='ltr'><strong>dum</strong></span> <span class='ocrx_word' id='word_1_577' title='bbox 1762 1877 1807 1906; x_wconf 81' lang='lat' dir='ltr'><strong>vi·</strong></span> 
     </span>
     <span class='ocr_line' id='line_1_88' title="bbox 1026 1921 1807 1958; baseline 0.005 -10"><span class='ocrx_word' id='word_1_578' title='bbox 1026 1923 1118 1955; x_wconf 87' lang='lat' dir='ltr'><strong>veret,</strong></span> <span class='ocrx_word' id='word_1_579' title='bbox 1131 1921 1296 1957; x_wconf 78' lang='lat' dir='ltr'><strong>portiones,</strong></span> <span class='ocrx_word' id='word_1_580' title='bbox 1310 1929 1348 1949; x_wconf 92' lang='lat' dir='ltr'><strong>ne</strong></span> <span class='ocrx_word' id='word_1_581' title='bbox 1363 1924 1565 1958; x_wconf 88' lang='lat' dir='ltr'><strong>postmortem</strong></span> <span class='ocrx_word' id='word_1_582' title='bbox 1580 1931 1665 1951; x_wconf 88' lang='lat' dir='ltr'><strong>suam</strong></span> <span class='ocrx_word' id='word_1_583' title='bbox 1679 1922 1718 1952; x_wconf 90' lang='lat' dir='ltr'><strong>ad</strong></span> <span class='ocrx_word' id='word_1_584' title='bbox 1732 1924 1807 1953; x_wconf 84' lang='lat' dir='ltr'><strong>invi-</strong></span> 
     </span>
     <span class='ocr_line' id='line_1_89' title="bbox 1027 1969 1498 2003; baseline 0.002 -8"><span class='ocrx_word' id='word_1_585' title='bbox 1027 1975 1092 1996; x_wconf 91' lang='lat' dir='ltr'><strong>cem</strong></span> <span class='ocrx_word' id='word_1_586' title='bbox 1107 1970 1319 1997; x_wconf 88' lang='lat' dir='ltr'><strong>concertarent.</strong></span> <span class='ocrx_word' id='word_1_587' title='bbox 1337 1969 1416 2003; x_wconf 63' lang='lat' dir='ltr'><strong>Gen„</strong></span> <span class='ocrx_word' id='word_1_588' title='bbox 1428 1977 1498 1997; x_wconf 87' lang='lat' dir='ltr'><strong>xxv.</strong></span> 
     </span>
    </p>

    <p class='ocr_par' dir='ltr' id='par_1_22' title="bbox 1026 2015 1805 2190">
     <span class='ocr_line' id='line_1_90' title="bbox 1063 2015 1802 2053; baseline 0.004 -10"><span class='ocrx_word' id='word_1_589' title='bbox 1063 2015 1195 2043; x_wconf 79' lang='lat' dir='ltr'><strong>Rebecca</strong></span> <span class='ocrx_word' id='word_1_590' title='bbox 1204 2015 1347 2051; x_wconf 78' lang='lat' dir='ltr'><strong>sagaciter</strong></span> <span class='ocrx_word' id='word_1_591' title='bbox 1358 2016 1493 2044; x_wconf 78' lang='lat' dir='ltr'><strong>instruxit</strong></span> <span class='ocrx_word' id='word_1_592' title='bbox 1502 2015 1691 2045; x_wconf 84' lang='lat' dir='ltr'><strong>filiumsuum</strong></span> <span class='ocrx_word' id='word_1_593' title='bbox 1699 2017 1802 2053; x_wconf 84' lang='lat' dir='ltr'><strong>Jacob,</strong></span> 
     </span>
     <span class='ocr_line' id='line_1_91' title="bbox 1026 2063 1805 2100; baseline 0.004 -9"><span class='ocrx_word' id='word_1_594' title='bbox 1026 2065 1057 2091; x_wconf 85' lang='lat' dir='ltr'><strong>ut</strong></span> <span class='ocrx_word' id='word_1_595' title='bbox 1071 2063 1312 2092; x_wconf 86' lang='lat' dir='ltr'><strong>benedictionem</strong></span> <span class='ocrx_word' id='word_1_596' title='bbox 1327 2063 1417 2099; x_wconf 86' lang='lat' dir='ltr'><strong>patris</strong></span> <span class='ocrx_word' id='word_1_597' title='bbox 1432 2066 1680 2100; x_wconf 74' lang='lat' dir='ltr'><strong>consequeretur5</strong></span> <span class='ocrx_word' id='word_1_598' title='bbox 1696 2066 1724 2092; x_wconf 92' lang='lat' dir='ltr'><strong>et</strong></span> <span class='ocrx_word' id='word_1_599' title='bbox 1738 2065 1805 2095; x_wconf 83' lang='lat' dir='ltr'><strong>fecit</strong></span> 
     </span>
     <span class='ocr_line' id='line_1_92' title="bbox 1026 2110 1803 2148; baseline 0.004 -11"><span class='ocrx_word' id='word_1_600' title='bbox 1026 2117 1095 2138; x_wconf 90' lang='lat' dir='ltr'><strong>eum</strong></span> <span class='ocrx_word' id='word_1_601' title='bbox 1110 2110 1247 2138; x_wconf 83' lang='lat' dir='ltr'><strong>recedere</strong></span> <span class='ocrx_word' id='word_1_602' title='bbox 1265 2110 1302 2138; x_wconf 90' lang='lat' dir='ltr'><strong>de</strong></span> <span class='ocrx_word' id='word_1_603' title='bbox 1322 2110 1454 2146; x_wconf 86' lang='lat' dir='ltr'><strong>partibus</strong></span> <span class='ocrx_word' id='word_1_604' title='bbox 1472 2110 1545 2145; x_wconf 88' lang='lat' dir='ltr'><strong>illis,</strong></span> <span class='ocrx_word' id='word_1_605' title='bbox 1561 2110 1658 2139; x_wconf 89' lang='lat' dir='ltr'><strong>donec</strong></span> <span class='ocrx_word' id='word_1_606' title='bbox 1671 2112 1803 2148; x_wconf 83' lang='lat' dir='ltr'><strong>requies·</strong></span> 
     </span>
     <span class='ocr_line' id='line_1_93' title="bbox 1026 2157 1520 2190; baseline 0.002 -6"><span class='ocrx_word' id='word_1_607' title='bbox 1026 2159 1104 2185; x_wconf 86' lang='lat' dir='ltr'><strong>ceret</strong></span> <span class='ocrx_word' id='word_1_608' title='bbox 1118 2157 1200 2186; x_wconf 79' lang='lat' dir='ltr'><strong>furor</strong></span> <span class='ocrx_word' id='word_1_609' title='bbox 1214 2157 1318 2185; x_wconf 81' lang='lat' dir='ltr'><strong>fratris.</strong></span> <span class='ocrx_word' id='word_1_610' title='bbox 1339 2157 1417 2190; x_wconf 71' lang='lat' dir='ltr'><strong>Gen„</strong></span> <span class='ocrx_word' id='word_1_611' title='bbox 1431 2165 1520 2185; x_wconf 77' lang='lat' dir='ltr'><strong>xxvii.</strong></span> 
     </span>
    </p>

    <p class='ocr_par' dir='ltr' id='par_1_23' title="bbox 1024 2203 1802 2334">
     <span class='ocr_line' id='line_1_94' title="bbox 1060 2203 1802 2241; baseline 0.005 -10"><span class='ocrx_word' id='word_1_612' title='bbox 1060 2206 1158 2232; x_wconf 81' lang='lat' dir='ltr'><strong>Artem</strong></span> <span class='ocrx_word' id='word_1_613' title='bbox 1181 2206 1242 2232; x_wconf 83' lang='lat' dir='ltr'><strong>arte</strong></span> <span class='ocrx_word' id='word_1_614' title='bbox 1265 2203 1372 2232; x_wconf 84' lang='lat' dir='ltr'><strong>delusit</strong></span> <span class='ocrx_word' id='word_1_615' title='bbox 1399 2203 1491 2232; x_wconf 86' lang='lat' dir='ltr'><strong>Jacob</strong></span> <span class='ocrx_word' id='word_1_616' title='bbox 1516 2204 1651 2240; x_wconf 84' lang='lat' dir='ltr'><strong>pulchre,</strong></span> <span class='ocrx_word' id='word_1_617' title='bbox 1679 2206 1802 2241; x_wconf 85' lang='lat' dir='ltr'><strong>quando</strong></span> 
     </span>
     <span class='ocr_line' id='line_1_95' title="bbox 1024 2250 1801 2287; baseline 0.004 -9"><span class='ocrx_word' id='word_1_618' title='bbox 1024 2251 1145 2280; x_wconf 88' lang='lat' dir='ltr'><strong>volebat</strong></span> <span class='ocrx_word' id='word_1_619' title='bbox 1163 2251 1188 2279; x_wconf 88' lang='lat' dir='ltr'><strong>ei</strong></span> <span class='ocrx_word' id='word_1_620' title='bbox 1210 2251 1281 2280; x_wconf 87' lang='lat' dir='ltr'><strong>dare</strong></span> <span class='ocrx_word' id='word_1_621' title='bbox 1303 2250 1403 2279; x_wconf 85' lang='lat' dir='ltr'><strong>Laban</strong></span> <span class='ocrx_word' id='word_1_622' title='bbox 1424 2251 1592 2280; x_wconf 86' lang='lat' dir='ltr'><strong>mercedem</strong></span> <span class='ocrx_word' id='word_1_623' title='bbox 1613 2259 1668 2287; x_wconf 88' lang='lat' dir='ltr'><strong>pro</strong></span> <span class='ocrx_word' id='word_1_624' title='bbox 1683 2252 1801 2281; x_wconf 87' lang='lat' dir='ltr'><strong>servitio</strong></span> 
     </span>
     <span class='ocr_line' id='line_1_96' title="bbox 1024 2298 1435 2334; baseline 0.002 -9"><span class='ocrx_word' id='word_1_625' title='bbox 1024 2300 1250 2334; x_wconf 83' lang='lat' dir='ltr'><strong>competentem.</strong></span> <span class='ocrx_word' id='word_1_626' title='bbox 1268 2298 1345 2332; x_wconf 58' lang='lat' dir='ltr'><strong>Gen„</strong></span> <span class='ocrx_word' id='word_1_627' title='bbox 1358 2305 1435 2326; x_wconf 79' lang='lat' dir='ltr'><strong>xxxi.</strong></span> 
     </span>
    </p>

    <p class='ocr_par' dir='ltr' id='par_1_24' title="bbox 1023 2344 1800 2567">
     <span class='ocr_line' id='line_1_97' title="bbox 1059 2344 1799 2381; baseline 0.001 -8"><span class='ocrx_word' id='word_1_628' title='bbox 1059 2345 1208 2381; x_wconf 77' lang='lat' dir='ltr'><strong>sagaciter</strong></span> <span class='ocrx_word' id='word_1_629' title='bbox 1223 2344 1282 2380; x_wconf 87' lang='lat' dir='ltr'><strong>egit</strong></span> <span class='ocrx_word' id='word_1_630' title='bbox 1297 2344 1404 2378; x_wconf 80' lang='lat' dir='ltr'><strong>Jacob,</strong></span> <span class='ocrx_word' id='word_1_631' title='bbox 1419 2345 1542 2381; x_wconf 83' lang='lat' dir='ltr'><strong>quando</strong></span> <span class='ocrx_word' id='word_1_632' title='bbox 1562 2345 1666 2374; x_wconf 89' lang='lat' dir='ltr'><strong>debuit</strong></span> <span class='ocrx_word' id='word_1_633' title='bbox 1679 2345 1799 2374; x_wconf 85' lang='lat' dir='ltr'><strong>obviare</strong></span> 
     </span>
     <span class='ocr_line' id='line_1_98' title="bbox 1024 2391 1800 2427; baseline 0 -7"><span class='ocrx_word' id='word_1_634' title='bbox 1024 2392 1098 2420; x_wconf 89' lang='lat' dir='ltr'><strong>irato</strong></span> <span class='ocrx_word' id='word_1_635' title='bbox 1113 2391 1204 2425; x_wconf 78' lang='lat' dir='ltr'><strong>fratri,</strong></span> <span class='ocrx_word' id='word_1_636' title='bbox 1220 2391 1291 2427; x_wconf 89' lang='lat' dir='ltr'><strong>quia</strong></span> <span class='ocrx_word' id='word_1_637' title='bbox 1301 2398 1425 2420; x_wconf 87' lang='lat' dir='ltr'><strong>munera</strong></span> <span class='ocrx_word' id='word_1_638' title='bbox 1439 2391 1518 2420; x_wconf 87' lang='lat' dir='ltr'><strong>misit</strong></span> <span class='ocrx_word' id='word_1_639' title='bbox 1528 2392 1566 2427; x_wconf 86' lang='lat' dir='ltr'><strong>ei,</strong></span> <span class='ocrx_word' id='word_1_640' title='bbox 1581 2400 1627 2421; x_wconf 86' lang='lat' dir='ltr'><strong>res</strong></span> <span class='ocrx_word' id='word_1_641' title='bbox 1640 2400 1709 2420; x_wconf 87' lang='lat' dir='ltr'><strong>suas</strong></span> <span class='ocrx_word' id='word_1_642' title='bbox 1725 2392 1800 2420; x_wconf 84' lang='lat' dir='ltr'><strong>divi—</strong></span> 
     </span>
     <span class='ocr_line' id='line_1_99' title="bbox 1023 2437 1800 2475; baseline 0.001 -9"><span class='ocrx_word' id='word_1_643' title='bbox 1023 2439 1075 2471; x_wconf 86' lang='lat' dir='ltr'><strong>sit,</strong></span> <span class='ocrx_word' id='word_1_644' title='bbox 1092 2446 1128 2466; x_wconf 91' lang='lat' dir='ltr'><strong>nc</strong></span> <span class='ocrx_word' id='word_1_645' title='bbox 1149 2446 1210 2467; x_wconf 92' lang='lat' dir='ltr'><strong>uno</strong></span> <span class='ocrx_word' id='word_1_646' title='bbox 1233 2437 1339 2466; x_wconf 81' lang='lat' dir='ltr'><strong>suroris</strong></span> <span class='ocrx_word' id='word_1_647' title='bbox 1361 2438 1473 2474; x_wconf 79' lang='lat' dir='ltr'><strong>impetu</strong></span> <span class='ocrx_word' id='word_1_648' title='bbox 1491 2440 1584 2467; x_wconf 89' lang='lat' dir='ltr'><strong>totum</strong></span> <span class='ocrx_word' id='word_1_649' title='bbox 1605 2438 1755 2475; x_wconf 86' lang='lat' dir='ltr'><strong>perderet,</strong></span> <span class='ocrx_word' id='word_1_650' title='bbox 1771 2441 1800 2467; x_wconf 85' lang='lat' dir='ltr'><strong>et</strong></span> 
     </span>
     <span class='ocr_line' id='line_1_100' title="bbox 1024 2484 1797 2522; baseline 0.003 -10"><span class='ocrx_word' id='word_1_651' title='bbox 1024 2493 1068 2513; x_wconf 81' lang='lat' dir='ltr'><strong>res</strong></span> <span class='ocrx_word' id='word_1_652' title='bbox 1091 2485 1189 2513; x_wconf 87' lang='lat' dir='ltr'><strong>minus</strong></span> <span class='ocrx_word' id='word_1_653' title='bbox 1210 2484 1332 2513; x_wconf 86' lang='lat' dir='ltr'><strong>dilectas</strong></span> <span class='ocrx_word' id='word_1_654' title='bbox 1358 2485 1464 2520; x_wconf 83' lang='lat' dir='ltr'><strong>majori</strong></span> <span class='ocrx_word' id='word_1_655' title='bbox 1490 2486 1626 2522; x_wconf 82' lang='lat' dir='ltr'><strong>exposuit</strong></span> <span class='ocrx_word' id='word_1_656' title='bbox 1652 2485 1797 2522; x_wconf 90' lang='lat' dir='ltr'><strong>periculo.</strong></span> 
     </span>
     <span class='ocr_line' id='line_1_101' title="bbox 1024 2532 1209 2567; baseline 0 -7"><span class='ocrx_word' id='word_1_657' title='bbox 1024 2532 1102 2567; x_wconf 67' lang='lat' dir='ltr'><strong>Gen„</strong></span> <span class='ocrx_word' id='word_1_658' title='bbox 1118 2540 1209 2560; x_wconf 77' lang='lat' dir='ltr'><strong>xxxii.</strong></span> 
     </span>
    </p>

    <p class='ocr_par' dir='ltr' id='par_1_25' title="bbox 1021 2578 1796 2707">
     <span class='ocr_line' id='line_1_102' title="bbox 1057 2578 1795 2615; baseline 0.001 -9"><span class='ocrx_word' id='word_1_659' title='bbox 1057 2579 1218 2607; x_wconf 80' lang='lat' dir='ltr'><strong>Prudenter</strong></span> <span class='ocrx_word' id='word_1_660' title='bbox 1231 2578 1348 2606; x_wconf 84' lang='lat' dir='ltr'><strong>locutus</strong></span> <span class='ocrx_word' id='word_1_661' title='bbox 1358 2580 1400 2606; x_wconf 89' lang='lat' dir='ltr'><strong>est</strong></span> <span class='ocrx_word' id='word_1_662' title='bbox 1413 2579 1521 2615; x_wconf 78' lang='lat' dir='ltr'><strong>soseph</strong></span> <span class='ocrx_word' id='word_1_663' title='bbox 1531 2586 1633 2607; x_wconf 86' lang='lat' dir='ltr'><strong>coram</strong></span> <span class='ocrx_word' id='word_1_664' title='bbox 1644 2578 1795 2607; x_wconf 83' lang='lat' dir='ltr'><strong>Pharaone</strong></span> 
     </span>
     <span class='ocr_line' id='line_1_103' title="bbox 1021 2625 1796 2662; baseline 0.001 -9"><span class='ocrx_word' id='word_1_665' title='bbox 1021 2626 1200 2662; x_wconf 79' lang='lat' dir='ltr'><strong>exponendo</strong></span> <span class='ocrx_word' id='word_1_666' title='bbox 1215 2625 1376 2659; x_wconf 86' lang='lat' dir='ltr'><strong>somnium,</strong></span> <span class='ocrx_word' id='word_1_667' title='bbox 1387 2628 1415 2653; x_wconf 91' lang='lat' dir='ltr'><strong>et</strong></span> <span class='ocrx_word' id='word_1_668' title='bbox 1430 2628 1533 2654; x_wconf 86' lang='lat' dir='ltr'><strong>contra</strong></span> <span class='ocrx_word' id='word_1_669' title='bbox 1543 2625 1673 2654; x_wconf 83' lang='lat' dir='ltr'><strong>suturam</strong></span> <span class='ocrx_word' id='word_1_670' title='bbox 1687 2626 1796 2655; x_wconf 83' lang='lat' dir='ltr'><strong>famem</strong></span> 
     </span>
     <span class='ocr_line' id='line_1_104' title="bbox 1022 2672 1473 2707; baseline -0.002 -6"><span class='ocrx_word' id='word_1_671' title='bbox 1022 2672 1123 2702; x_wconf 84' lang='lat' dir='ltr'><strong>dando</strong></span> <span class='ocrx_word' id='word_1_672' title='bbox 1139 2672 1306 2702; x_wconf 87' lang='lat' dir='ltr'><strong>consilium.</strong></span> <span class='ocrx_word' id='word_1_673' title='bbox 1325 2673 1403 2707; x_wconf 70' lang='lat' dir='ltr'><strong>Gen„</strong></span> <span class='ocrx_word' id='word_1_674' title='bbox 1418 2679 1473 2702; x_wconf 74' lang='grc' dir='ltr'><strong>ιιι.</strong></span> 
     </span>
    </p>
   </div>
  </div>
 </body>
</html>
