2004 3037
144 2184 223 2202 Trans-

127 2220 211 2240 gressu·

119 2251 154 2265 res
164 2245 225 2265 dena-

120 2276 163 2301 logi
185 2276 224 2296 ‹le-

120 2313 175 2327 com.

233 178 294 212 282

231 255 388 286 nunquam
400 251 497 287 potest
511 250 639 289 impleri,
654 252 694 281 ad
707 252 834 283 modum
847 254 925 284 sacci
940 262 1008 293 per-

232 295 299 326 tusi.
714 318 720 333 „

507 375 650 410 CAPUT
673 375 732 410 IX.

283 456 322 483 De
339 457 530 493 praceptorum
548 456 664 484 editione
684 464 714 484 ac
731 457 959 492 promulgatione.

268 539 306 566 De
315 539 532 574 praeceptorum
542 537 683 572 editione,
695 537 744 565 vel
757 537 1010 574 promulgatione,

231 584 413 620 notandum,
430 584 513 621 quod
533 586 600 612 sunt
617 584 727 612 utiliter
741 583 832 618 edita,
849 586 877 613 et
890 585 946 613 sub
961 585 1011 614 tri-

231 631 301 667 plici
325 639 424 668 poena.
451 633 483 660 Et
505 631 603 668 primo
628 631 683 660 sub
710 639 800 668 poena
826 632 959 668 corporis
983 635 1011 661 et

232 678 338 707 animae
354 687 360 706 :
377 678 426 706 lex
441 678 519 707 enim
534 678 720 715 imperatoris
736 678 832 706 editur
846 679 902 707 sub
921 687 1011 715 pcena

233 725 366 762 eorporis
387 727 502 753 tantum
514 735 522 761 3
538 725 592 753 sed
614 725 663 754 lex
678 726 821 754 Creatoris
845 726 900 754 sub
922 735 1012 763 poena

233 772 338 800 animae
359 774 387 800 et
411 772 564 809 corporis,
588 774 620 800 ut
647 773 754 801 dicitur
775 773 806 800 in
833 773 961 801 Matthoeo
977 774 986 790 ¹
1001 784 1010 801 :

232 819 327 848 Nolite
348 821 440 847 timere
464 827 520 852 eos,
546 821 594 854 qui
615 819 741 847 occidunt
762 827 873 855 corpus,
893 821 1013 848 animam

233 868 323 893 autem
338 874 391 894 non
409 870 520 901 possunt
542 867 671 902 occidere,
688 868 742 894 ctc.
765 866 917 902 Secundo,
937 875 1012 903 prce-

234 913 319 949 cepta
343 913 443 941 divina
465 913 639 947 edicuntur,
663 913 711 941 vcl
733 913 929 947 mandantur,
956 913 1012 941 suh

233 967 322 996 poena
336 960 485 989 bonorum
496 960 654 988 mobilium
667 962 695 988 et
707 959 917 988 immobilium.
933 961 1013 988 Bona

233 1007 359 1035 mobilia
384 1007 522 1035 dicuntur
550 1007 632 1035 bona
661 1007 770 1043 gratiae,
796 1007 867 1043 quia
889 1009 1013 1043 possunt

233 1053 318 1089 perdi
335 1056 361 1081 et
379 1054 564 1091 recuperari;
588 1054 669 1082 bona
689 1053 856 1082 immobilia
875 1053 1013 1082 dicuntur

233 1100 314 1128 bona
329 1099 430 1135 gloria‘
440 1123 448 1135 ‚
470 1101 538 1137 quia
555 1100 645 1128 semel
660 1101 761 1129 habita
772 1109 928 1137 nunquam
944 1109 1013 1137 pos—

233 1149 301 1175 sunt
319 1147 422 1175 amitti.
442 1149 681 1183 Transgressorcs
703 1156 774 1183 ergo
796 1151 1012 1185 praeceptorum

234 1193 421 1228 divinorum,
444 1195 530 1222 bonis
552 1195 650 1229 gratim
672 1198 699 1223 et
722 1195 823 1230 gloriae
848 1195 1011 1231 privantur.

233 1240 302 1269 ldeo
318 1241 546 1269 observantibus
561 1242 648 1269 (latur
663 1242 756 1277 gratia
774 1243 804 1269 in
819 1242 969 1278 praesenti,
986 1245 1014 1270 01

234 1287 329 1322 gloria
347 1288 377 1315 in
392 1288 489 1316 futuro
501 1310 508 1322 ,
528 1289 612 1323 juxta
627 1288 701 1316 illud
717 1289 823 1316 Psalmi
838 1290 848 1305 ²
865 1299 871 1316 :
890 1288 1013 1316 Gratiam

234 1338 259 1361 et
273 1336 387 1368 gloriam
404 1335 479 1361 dabit
493 1336 568 1362 nobis
585 1336 723 1362 Dominus.
740 1335 850 1369 Tertio,
867 1338 1013 1372 praecepta

235 1380 337 1408 dlvina
351 1381 507 1409 edicuntur
523 1381 578 1409 5111)
594 1389 682 1417 prena
698 1382 823 1417 patibuli
844 1382 1010 1419 infernalis5

233 1429 432 1463 transgressor
447 1436 518 1463 ergo
531 1428 623 1456 divini
634 1428 771 1464 praecepti
784 1429 847 1463 jam
858 1430 899 1456 est
913 1429 943 1457 in
953 1430 1012 1464 via,

235 1482 295 1510 qua
315 1474 432 1502 ducitur
452 1483 469 1503 a
493 1475 617 1503 diabolo
641 1475 679 1503 all
704 1475 869 1511 patibulum
895 1476 1011 1504 inferni.

234 1522 266 1549 Et
281 1523 361 1555 nota,
374 1522 455 1557 quod
468 1522 523 1550 tria
538 1524 604 1549 sunt
619 1530 684 1558 quoe
700 1522 773 1549 fiunt
789 1523 906 1557 latroni,
922 1531 1019 1559 quan-¹

235 1568 274 1596 do
290 1568 407 1596 ducitur
423 1568 460 1596 ad
480 1569 649 1605 patibulum
666 1578 672 1596 z
694 1569 787 1596 oculis
802 1569 932 1603 velatur,
948 1578 1012 1598 ma-

234 1614 322 1642 nibus
343 1614 466 1649 ligatur,
488 1618 515 1643 ct
534 1618 611 1643 vesle
634 1616 779 1650 nudatur;
803 1616 844 1644 sic
865 1617 1013 1652 peccatori

235 1661 285 1698 qui
301 1661 418 1689 ducitur
433 1662 472 1689 ad
493 1662 658 1697 inicrnum,
675 1662 811 1690 velantur
826 1663 903 1691 oculi
922 1664 1013 1692 ratio-

234 1708 289 1741 nis,
305 1708 434 1743 ligantur
448 1716 553 1736 manus
571 1709 654 1736 bonm
670 1710 859 1745 operationis,
876 1711 1012 1738 denuda-

234 1756 280 1782 tur
295 1757 372 1782 veste
387 1755 516 1782 honeste
532 1756 772 1783 conversationis.
791 1757 835 1784 Sic
851 1765 921 1792 crgo
937 1766 1012 1792 prze-

236 1802 320 1836 cepta
347 1801 449 1829 divina
472 1801 626 1829 edicuntur
648 1803 703 1830 sub
728 1803 883 1839 multiplici
912 1811 1011 1839 psrna.

235 1847 304 1874 ldeo
323 1847 428 1875 dicitur
443 1848 472 1875 in
489 1848 604 1876 Psalmo
619 1850 629 1866 ³
646 1858 653 1875 :
673 1850 711 1876 Tu
726 1850 871 1878 mandasti
880 1851 1013 1879 mandata

236 1896 284 1921 tua
298 1894 430 1921 custodiri
445 1896 538 1922 nimis.

519 1992 661 2025 CAPUT
684 1993 727 2025 x.
770 2031 773 2035 ,

238 2063 313 2096 Quod
324 2066 529 2098 transqressores
540 2067 745 2099 proeccptorum,
755 2066 844 2092 instar
854 2066 1013 2098 Pharaonis,

487 2108 571 2136 decem
589 2109 764 2136 mulctantur.

275 2177 362 2210 Nota,
385 2176 467 2212 quod
482 2177 555 2204 510111
578 2177 739 2212 decalogus
762 2180 803 2205 est
825 2178 928 2205 (leccm
943 2187 1016 2214 prze-

239 2225 391 2258 ceptorum
416 2224 482 2257 Dei,
504 2224 544 2250 sic
573 2227 639 2251 sunt
661 2224 764 2251 decem
787 2227 1016 2260 transgressores

240 2268 394 2303 decalogi,
422 2270 473 2305 qui
502 2270 667 2305 figurantur
698 2279 751 2306 per
782 2271 885 2299 decem
913 2271 1017 2307 plagas

274 2332 280 2347 ¹
298 2331 398 2359 Mamm,
420 2340 451 2361 x,
473 2335 511 2356 28.
526 2346 556 2351 -—
578 2335 585 2347 ²
602 2334 667 2357 Psul.
688 2340 800 2365 Lxxxlll,
825 2338 858 2359 12.
879 2349 905 2352 m
927 2336 936 2351 3
950 2336 1016 2360 Psal.

242 2372 333 2397 cxvui,
347 2368 368 2391 4.
382 2380 410 2385 —
423 2369 430 2381 ⁴
447 2368 538 2398 Eccle„
552 2374 607 2400 vui,
624 2371 646 2394 5.

757 178 921 219 ‘DIAETAE
941 179 1108 220 SALUTIS‘
1129 187 1206 221 TIT.
1229 187 1284 221 111.

1062 256 1196 294 AEgypti,
1212 264 1280 294 quae
1299 255 1418 285 fuerunt
1435 256 1571 293 sanguis,
1586 256 1674 295 rani,
1697 257 1799 288 cinifes
1812 260 1841 288 et

1062 311 1182 339 muscae,
1200 303 1376 332 animalium
1389 303 1488 340 pestis,
1504 305 1533 333 et
1545 304 1654 341 vesica,
1670 305 1796 342 grando,
1811 308 1841 335 et

1062 350 1194 386 locusta,
1209 350 1353 385 tenebrae,
1375 352 1403 379 et
1418 358 1500 379 mors
1516 351 1792 388 primogenitorum.
1808 354 1842 381 Et

1061 405 1117 434 per
1134 397 1203 426 istas
1221 397 1326 426 decem
1343 397 1448 435 plagas
1471 399 1589 435 AEgypti
1608 398 1789 436 figurantur,
1809 400 1844 428 ut

1064 444 1177 473 dictum
1191 446 1250 480 est,
1266 447 1497 481 transgressores
1517 445 1669 482 decalogi:
1683 453 1755 474 nam
1767 445 1842 475 sicut

1063 491 1159 528 plagae
1185 491 1244 520 illoe
1264 493 1455 520 vastaverunt
1481 493 1656 529 AEgyptum,
1684 492 1726 521 sic
1747 492 1844 530 plagte

1063 540 1253 574 peccatorum
1267 541 1463 575 corrumpunt
1472 539 1620 567 mundum
1633 539 1731 567 istum.
1747 539 1845 568 Prima

1065 593 1136 620 ergo
1158 585 1248 622 plaga
1263 585 1379 622 AEgypti
1398 584 1452 613 fuit
1470 585 1589 621 sanguis
1606 595 1613 614 ε
1638 593 1742 614 omnes
1764 586 1844 614 enim

1066 639 1151 669 aquae
1166 631 1281 669 AEgypti
1299 640 1391 660 versae
1411 632 1531 660 fuerunt
1553 632 1583 660 in
1606 633 1802 668 sanguinem;
1817 634 1847 662 et

1066 679 1123 708 hoc
1137 679 1232 715 signat
1245 679 1419 715 sanguinem
1430 680 1459 706 et
1472 679 1692 716 corruptionem
1707 679 1844 708 luxuriae.

1067 726 1199 754 Secunda
1221 726 1308 762 plaga
1331 725 1386 754 suit
1403 733 1499 754 rana:
1522 724 1582 754 tota'
1603 726 1682 754 enim
1706 727 1847 762 AEgyptus

1067 772 1186 801 bullivit
1199 772 1298 807 ranis;
1313 774 1341 800 et
1354 772 1499 808 significat
1512 772 1722 809 loquacitatem
1736 774 1763 801 et
1778 781 1847 809 pee-

1069 821 1134 848 cata
1155 819 1274 854 linguae.
1303 819 1396 847 Tertia
1421 819 1510 855 plaga
1538 819 1592 847 fuit
1620 819 1732 854 cinifes,
1763 820 1846 855 qu'us

1069 866 1189 894 aculeus
1212 873 1329 894 amarus
1353 866 1438 902 quasi
1459 865 1644 894 invisibiliter
1670 866 1791 902 pungit;
1818 867 1848 894 et

1068 913 1214 948 significat
1236 912 1373 941 aculeum
1398 912 1528 941 invidiae.
1550 913 1657 947 Quarta
1679 912 1770 948 plaga
1793 911 1848 940 suit

1068 968 1172 988 musca
1186 960 1378 997 gravissimam
1395 961 1421 988 et
1434 960 1496 988 haee
1507 959 1652 995 signifieat
1666 958 1846 995 indignatio-

1068 1015 1136 1035 nem
1147 1029 1155 1043 ,
1170 1010 1198 1036 et
1211 1010 1365 1044 peccatum
1379 1008 1438 1036 irae.
1460 1008 1565 1042 Quinta
1584 1008 1674 1044 plaga
1689 1007 1743 1035 fuit
1757 1007 1847 1044 pestis

1068 1055 1256 1087 animalium;
1277 1058 1304 1083 et
1329 1054 1391 1083 haec
1415 1054 1560 1090 significat
1583 1055 1775 1089 languorem,
1798 1053 1847 1083 vel

1067 1104 1221 1137 peccatum
1239 1101 1356 1130 acediae.
1380 1103 1465 1130 Sexta
1488 1101 1578 1138 plaga
1600 1101 1654 1129 fuit
1674 1101 1771 1129 vesica
1786 1103 1846 1129 tur-

1068 1156 1141 1184 gens
1151 1151 1179 1177 et
1193 1149 1349 1185 ampulosa
1360 1170 1366 1182 ‚
1379 1150 1406 1176 et
1417 1149 1478 1177 haec
1490 1148 1636 1184 significat
1647 1148 1845 1183 inflationem,

1069 1197 1096 1224 et
1113 1198 1265 1232 peccatum
1280 1195 1436 1232 superbiae.
1459 1195 1588 1232 Septima
1602 1195 1655 1223 fuit
1669 1194 1803 1230 grando;
1819 1197 1848 1222 et

1067 1243 1129 1271 haec
1148 1243 1292 1278 significat
1311 1243 1561 1279 persecutionem,
1588 1245 1615 1269 et
1634 1244 1790 1278 peccatum
1804 1242 1848 1270 in-

1065 1290 1165 1325 jurioe,
1185 1290 1256 1326 quia
1278 1298 1312 1317 cx
1327 1289 1527 1326 superfluitate
1543 1288 1580 1325 (a)
1597 1289 1725 1316 nascitur
1740 1288 1848 1324 injuria

1068 1337 1116 1364 vel
1132 1336 1253 1364 malitia.
1270 1338 1377 1365 Octava
1395 1336 1449 1364 suit
1468 1336 1598 1370 locusta,
1614 1343 1680 1371 quce
1694 1335 1848 1363 devoravit

1069 1383 1218 1420 quidquid
1236 1384 1389 1411 residuum
1404 1383 1457 1411 suit
1476 1383 1507 1411 in
1530 1383 1693 1417 grandino;
1709 1384 1737 1410 et
1755 1382 1847 1418 signi·

1068 1430 1136 1458 ficat
1148 1430 1349 1464 voracitatem,
1362 1432 1389 1458 et
1398 1432 1551 1466 peccatum
1565 1429 1651 1465 gnlae.
1664 1430 1746 1456 Nona
1758 1429 1848 1464 plaga

1069 1477 1121 1504 suit
1134 1476 1294 1513 palpabilis
1315 1477 1452 1510 tenebra:
1477 1479 1504 1504 et
1522 1476 1583 1504 haec
1602 1475 1747 1511 significat
1766 1475 1846 1503 caeei-

1068 1526 1158 1552 tatem
1180 1523 1362 1559 ignorantiae.
1386 1523 1502 1551 Decima
1522 1525 1549 1550 et
1569 1523 1674 1551 ultima
1693 1522 1746 1550 fuit
1767 1529 1848 1550 mors

1069 1570 1352 1607 primogenitorum3
1376 1570 1479 1598 ethaeo
1499 1569 1644 1605 siguificat
1662 1568 1846 1602 scandalum,

1069 1618 1116 1645 vel
1144 1620 1245 1645 notam
1272 1617 1410 1652 infamiae,
1438 1617 1560 1653 quando
1586 1617 1695 1644 scilicet
1718 1616 1848 1651 majores

1069 1664 1203 1700 praebcnt
1227 1664 1414 1692 occasionem
1437 1663 1591 1699 peccandi,
1616 1662 1664 1690 vel
1693 1662 1847 1690 materiam

1062 1712 1170 1738 ruinae.
1188 1712 1233 1738 Hae
1252 1711 1370 1738 suerunt.
1392 1710 1486 1746 plagae
1501 1709 1706 1745 AEgyptiorum
1722 1709 1761 1736 ad
1776 1709 1847 1736 litte-

1069 1765 1149 1791 ram,
1174 1759 1201 1784 ot
1224 1758 1283 1784 istae
1305 1759 1372 1784 sunt
1392 1756 1522 1792 mysticae
1543 1756 1639 1792 plagae
1658 1758 1847 1791 peccatorum

1069 1803 1307 1839 transgressionis
1323 1803 1426 1831 decem
1438 1805 1662 1839 praeceptorum.
1678 1801 1758 1829 Unde
1773 1801 1847 1830 sicut

1069 1851 1195 1887 AEgyptii
1216 1852 1283 1886 post
1302 1850 1407 1886 plagas
1425 1850 1493 1877 isias
1513 1849 1631 1876 fuerunt
1652 1848 1797 1876 submersi
1815 1848 1846 1876 in

1069 1898 1138 1926 Mari
1155 1898 1269 1932 Rubro:
1287 1897 1327 1924 510
1341 1896 1475 1924 homines
1489 1895 1644 1929 mundani,
1661 1898 1726 1932 post
1741 1895 1846 1931 plagas

1069 1944 1193 1972 istorum
1207 1945 1409 1980 pcccatorum,
1426 1943 1448 1970 si
1469 1950 1528 1970 11011
1548 1942 1665 1970 fuerunt
1683 1950 1735 1978 per
1750 1941 1846 1978 poeni·

1069 1991 1189 2018 tentiam
1201 1990 1263 2025 loti,
1274 1990 1321 2017 vel
1332 1990 1436 2023 sanati,
1450 1989 1676 2024 submergentur
1687 1989 1716 2016 in
1731 1988 1846 2016 inferno

1070 2046 1138 2065 cum
1158 2038 1308 2065 Pharaone
1335 2039 1363 2064 et
1388 2037 1446 2063 suis
1474 2036 1620 2069 curribuS,
1645 2035 1675 2063 id
1697 2037 1749 2069 est,
1778 2043 1847 2062 cum

1071 2085 1193 2112 diabolo
1208 2086 1236 2112 ct
1250 2084 1362 2119 angelis
1382 2084 1450 2110 suis.
1474 2083 1527 2117 Qui
1543 2085 1642 2110 autem
1657 2082 1742 2109 suerit
1757 2084 1848 2109 trans-

1071 2140 1189 2168 gressor
1211 2131 1302 2159 (livini
1326 2131 1479 2166 praecepti,
1502 2138 1562 2157 non
1590 2129 1643 2157 erit
1663 2128 1801 2156 immunis
1828 2136 1847 2156 a

1071 2179 1166 2215 plagis
1185 2180 1388 2214 pcccatorum,
1409 2180 1435 2204 ct
1452 2185 1469 2204 a
1491 2178 1604 2211 gutture
1620 2178 1844 2208 tormentorum,

1072 2226 1142 2262 quia
1163 2225 1268 2252 dicitur
1283 2224 1313 2251 in
1329 2225 1487 2251 Ecclesiaste
1502 2224 1512 2239 ⁸
1535 2232 1542 2248 .-
1565 2223 1619 2254 Ονιί
1637 2221 1753 2249 custodit
1774 2229 1845 2256 μνω-

1071 2276 1158 2308 cepta,
1172 2279 1221 2299 πον,
1237 2273 1390 2306 experietur
1403 2269 1551 2304 quidquam
1565 2270 1642 2297 malt.

1105 2371 1138 2401 (a)
1154 2369 1241 2400 Suppl.
1257 2368 1403 2393 verborum.
