2004 3037
679 193 728 225 DE
751 191 949 225 GENERALI
971 191 1130 224 JUDICIO.
1152 191 1240 223 CAP.
1264 192 1288 223 1.

181 263 274 293 tendit
288 271 342 300 per
356 271 441 292 suam
462 263 616 296 naturam3
638 261 711 290 sicut
726 260 829 297 gravia
846 259 958 288 habent

180 311 281 340 locum
295 311 451 346 deorsum,
474 309 514 338 ad
528 317 619 346 quem
632 316 686 346 per
705 309 843 336 naturam
859 306 957 343 gravi-

181 358 246 386 tatis
264 357 437 386 naturaliter
462 355 661 390 descendunt3
682 354 761 383 lcvia
783 355 881 382 autem
904 353 957 381 ha-

181 405 253 434 bent
267 405 368 434 locum
382 411 516 438 sursum,
531 402 572 431 ad
585 410 675 439 quem
688 409 742 438 per
756 403 893 429 naturam
915 400 958 429 le-

181 453 277 481 vitatis
297 451 469 480 naturaliter
489 449 662 478 ascendunt.
689 450 783 477 Homo
795 470 804 484 ,
826 457 893 476 cum
922 448 958 476 sit

182 499 316 528 omnium
343 499 544 527 creaturarum
574 495 776 532 corporalium
804 495 936 523 nobilior
949 517 957 530 ,

181 546 270 575 habet
283 546 384 574 locum
398 552 486 580 super
508 543 610 572 omnia
635 537 783 579 corpora,
804 541 842 570 ad
866 549 958 578 quem

181 593 282 622 locum
306 594 372 621 ante
391 591 546 628 peccatum
560 591 678 626 poterat
696 597 749 625 per
765 588 891 625 gratiam
911 597 958 616 as-

182 639 306 668 cendere
319 660 328 674 ,
345 637 483 676 quamvis
495 645 558 665 non
571 637 672 673 posset
687 644 742 673 per
755 637 893 664 naturam
913 637 957 663 to-

181 686 282 714 taliter.
301 685 357 713 Sed
382 686 504 722 propter
523 684 680 720 peccatum
705 682 799 718 gratia
820 682 875 710 suit
901 682 957 710 sibi

181 732 298 768 ablata,
315 733 342 760 et
356 734 461 760 natura
481 731 609 759 totaliter
623 730 753 758 sauciata
767 739 773 757 :
791 731 818 758 et
833 730 902 758 ideo
919 729 958 758 ad

179 779 247 813 hoc,
263 778 346 815 quod
361 779 453 815 possit
464 778 503 806 ad
517 778 620 806 locum
634 777 792 814 proprium
807 784 957 811 remeare,

179 825 291 861 indiget
305 826 499 854 instrumento
515 824 659 860 quodam.
677 824 763 858 Quod
782 823 958 851 instrumen-

179 874 243 900 tum
264 872 364 900 nullus
392 880 445 908 per
464 879 550 899 suam
573 871 748 907 sapientiam
773 870 822 898 vel
847 870 958 904 vitam,

179 920 275 956 potuit
288 919 450 954 fabricare,
466 921 573 956 praeter
597 919 759 953 Christum,
775 919 826 955 qui
844 922 848 935 ¹
865 919 957 952 fabri-

180 969 255 994 catus
270 969 308 994 est
323 975 449 994 auroram
463 969 488 994 et
504 967 595 994 solem.
620 965 689 994 Ideo
705 973 809 993 omnes
831 966 883 1001 qui
899 965 957 992 sal-

179 1014 239 1042 vati
258 1016 342 1048 sunt,
362 1022 416 1050 per
432 1013 630 1041 ministerium
645 1013 738 1049 ipsius
762 1013 884 1048 Christi,
905 1013 959 1041 sci-

179 1060 247 1088 licet
272 1068 325 1097 per
343 1060 436 1088 fidem
457 1060 561 1088 salvati
583 1062 651 1088 sunt
667 1069 673 1087 :
690 1068 757 1095 quae
773 1060 895 1096 quidem
917 1063 959 1088 est

179 1109 259 1136 velut
271 1116 331 1136 una
347 1108 440 1141 scala,
461 1116 515 1144 per
530 1116 622 1144 quam
637 1108 675 1135 ad
697 1108 805 1135 coelum
825 1108 958 1135 ascendi-

182 1157 238 1190 tur,
256 1155 410 1183 continens
430 1155 590 1182 duodecim
611 1155 739 1189 gradus,
759 1154 791 1182 id
807 1157 869 1188 est,
886 1155 958 1183 duo-

180 1201 278 1230 decim
294 1202 434 1229 articulos
447 1210 501 1238 per
516 1201 668 1238 apostolos
682 1201 859 1236 declaratos,
872 1202 958 1237 juxta

180 1256 342 1276 numerum
362 1248 522 1276 duodecim
544 1248 704 1283 coelorum,
724 1248 895 1284 incipiendo
922 1257 958 1276 ex

179 1303 247 1323 aere
255 1315 265 1330 ,
280 1295 332 1332 qui
346 1295 454 1323 coelum
470 1295 586 1331 dicitur,
601 1303 695 1331 usque
717 1295 756 1323 ad
773 1295 880 1323 coelum
896 1303 957 1323 em-

179 1349 322 1378 pyreum,
345 1342 376 1369 in
390 1350 451 1378 quo
476 1342 677 1370 duodenarius
701 1350 843 1370 numerus
858 1342 957 1370 termi-

179 1389 276 1416 natur.
292 1389 393 1417 Latera
407 1390 506 1417 autem
520 1389 602 1417 istius
617 1389 703 1417 scalae
718 1391 786 1417 sunt
801 1389 956 1423 divinitas,

180 1437 207 1463 et
218 1435 397 1463 humanitas
411 1437 466 1463 Isia
479 1437 578 1464 autem
589 1436 669 1464 scala
679 1436 734 1464 suit
748 1445 800 1472 per
810 1436 956 1464 Christum

179 1483 271 1510 Deum
283 1483 310 1509 et
324 1482 478 1510 hominem
491 1482 650 1517 fabricata,
669 1483 721 1511 sed
735 1483 823 1511 nobis
837 1483 891 1511 fuit
904 1492 956 1519 per

180 1531 340 1559 duodecim
366 1531 517 1568 apostolos
538 1532 677 1560 revelata.
703 1534 757 1560 Ista
789 1535 830 1560 est
859 1533 954 1567 scala,

179 1585 271 1614 quam
287 1577 361 1606 vidit
381 1578 472 1606 Jacob
494 1578 680 1612 patriarcha,
704 1579 787 1614 cujus
814 1587 956 1607 cacumen

178 1625 364 1660 pertingebat
377 1625 416 1654 ad
431 1625 554 1660 coelum,
572 1626 619 1654 cui
635 1625 723 1654 etiam
738 1626 880 1654 Dominus
893 1628 955 1654 erat

1732 193 1787 223 331

1012 259 1132 288 innixus
1143 280 1153 294 ,
1165 266 1219 296 per
1233 267 1324 296 quam
1340 259 1540 288 ascendebant
1553 259 1651 296 angeli
1660 281 1669 295 ,
1686 261 1714 288 et
1728 258 1791 288 des-

1014 306 1190 335 cendebant.
1208 308 1245 335 De
1259 306 1314 335 ista
1325 306 1405 334 scala
1417 306 1486 334 dicit
1498 306 1676 342 Augustinus
1690 306 1721 334 in
1734 314 1791 335 ser-

1013 361 1103 382 mone
1123 353 1307 382 Ascensionis
1327 354 1338 370 ²
1363 362 1370 381 :
1398 363 1411 379 α
1435 353 1636 382 Ascendamus
1673 353 1792 382 interim

1013 400 1123 435 corde,
1139 400 1170 428 id
1186 402 1228 428 est
1242 400 1317 436 fide,
1337 402 1369 428 ut
1384 408 1452 428 cum
1474 399 1537 428 dies
1555 401 1719 436 promissus
1740 400 1791 428 ad-

1013 448 1142 484 venerit,
1158 456 1319 485 sequamur
1334 450 1361 477 et
1375 456 1510 484 corpore.
1527 458 1540 474 n

1245 562 1440 596 CAPUT
1481 561 1553 596 VI.

1302 648 1341 675 De
1359 647 1505 675 Modestia.

1049 730 1184 758 Decimus
1198 730 1309 758 fructus
1324 732 1367 758 est
1386 729 1536 759 Modestia.
1559 732 1596 758 De
1619 730 1674 759 isto
1697 730 1794 760 fructu

1012 777 1043 805 in
1059 778 1183 805 tractatu
1199 776 1231 804 de
1248 778 1438 812 Temperantia
1449 778 1459 794 ³
1476 777 1588 805 dictum
1604 779 1665 813 est,
1683 779 1711 806 et
1725 778 1793 806 ideo

1013 824 1052 852 ad
1067 831 1196 860 praesens
1210 823 1284 851 1111111
1301 825 1343 851 est
1359 823 1532 852 dicendum.

1232 939 1427 973 CAPUT
1471 939 1573 973 Vll.

1281 1025 1319 1051 De
1341 1024 1526 1051 Continentia.

1049 1108 1226 1135 Undecimus
1251 1107 1361 1135 fructus
1387 1108 1430 1134 est
1455 1107 1648 1135 Continentia.
1675 1108 1712 1135 De
1738 1107 1793 1135 isto

1012 1155 1109 1183 fructu
1133 1155 1162 1182 in
1186 1156 1309 1182 tractatu
1332 1155 1363 1181 cle
1384 1155 1532 1188 Consiliis,
1556 1154 1586 1182 in
1610 1153 1739 1190 capitulo
1763 1154 1794 1182 de

1015 1202 1167 1230 Castttate⁶
1185 1201 1319 1229 similiter
1335 1201 1446 1229 dictum
1462 1203 1512 1229 est.

1246 1315 1417 1349 CAPUT
1446 1316 1554 1350 VIII.

1302 1403 1340 1429 De
1359 1402 1503 1430 Castitate.

1048 1484 1244 1512 Duodecimus
1256 1484 1367 1512 fructus
1381 1487 1423 1512 est
1432 1484 1562 1513 Castitas.
1578 1486 1617 1513 De
1630 1485 1685 1513 isto
1696 1485 1793 1514 fructu

1011 1532 1145 1560 similiter
1166 1533 1197 1559 in
1219 1534 1344 1560 tractatu
1362 1533 1394 1560 de
1414 1533 1542 1561 Consiliis
1558 1533 1669 1561 dictum
1688 1536 1740 1568 est,
1762 1534 1793 1562 111

1012 1580 1140 1616 capitulo
1156 1581 1187 1608 <le
1203 1581 1364 1616 Castitate5,
1386 1582 1414 1609 et
1434 1581 1502 1609 ideo
1523 1589 1584 1610 non
1605 1583 1648 1609 est
1665 1581 1792 1617 amphus

1012 1626 1186 1655 dicendum.

687 1879 991 1921 TITULUS
1045 1880 1282 1922 NONUS

783 1989 826 2016 DE
848 1988 1021 2017 GENERALI
1043 1989 1183 2018 JUDICIO.

393 2185 535 2218 CAPUT
559 2185 661 2219 UNIC
667 2186 739 2219 ΠΜ.

179 2258 217 2284 De
227 2257 278 2290 his,
293 2265 349 2291 quae
363 2259 426 2284 ante
441 2257 538 2292 ipsum,
559 2260 584 2284 et
599 2259 627 2284 in
642 2259 700 2292 ipso
711 2258 817 2292 judicto
830 2262 954 2294 agentur.

216 2327 282 2353 Post
300 2326 455 2353 tractatum
478 2325 513 2353 de
534 2325 677 2353 fructibus
698 2327 820 2363 Spiritus
844 2329 954 2363 sancti,

180 2373 217 2400 de
234 2372 365 2408 generali
379 2375 405 2400 et
416 2373 522 2400 ultimo
535 2373 647 2408 judicio
661 2375 703 2401 est
718 2374 886 2402 dicendum.
903 2377 956 2404 Ista

181 2421 223 2446 est
243 2421 347 2447 octava
367 2419 468 2453 Diaeta,
484 2420 592 2447 scilicet
608 2428 625 2447 a
639 2420 782 2448 fructibus
804 2422 955 2450 bonorum

182 2473 305 2500 operum
317 2466 417 2494 venire
433 2467 473 2494 ad
490 2467 637 2502 judicium
660 2469 834 2496 extremum.
853 2471 889 2496 Dc
906 2478 955 2504 ge-

180 2512 272 2539 nerali
285 2513 398 2547 judicio
415 2516 542 2549 quatuor
555 2513 720 2549 specialiter
732 2518 800 2543 sunt
811 2517 953 2550 notanda,

181 2558 291 2587 scilicet
314 2560 398 2595 signa
422 2569 488 2596 quae
511 2561 742 2597 praemittentur,
758 2564 866 2599 scripta
888 2573 954 2600 quoe

215 2656 304 2681 Ῥεαί.
328 2662 428 2688 Lxxm,
452 2660 491 2683 16.
514 2671 540 2677 -
565 2659 573 2673 ²
596 2660 671 2690 Aug„
699 2661 724 2685 tn
748 2661 846 2687 Ascens.
869 2664 952 2694 Dom.‚

1013 2188 1192 2224 aperientur,
1207 2189 1301 2217 verba
1325 2198 1391 2225 quae
1415 2190 1563 2226 dicentur,
1579 2193 1607 2219 et
1626 2191 1702 2220 facta
1724 2201 1790 2228 quae

1012 2239 1182 2271 sequentur.
1200 2236 1289 2271 Signa
1304 2245 1369 2273 quae
1385 2238 1595 2273 praemittentur
1614 2241 1698 2267 erunt
1717 2240 1790 2268 sicut

1013 2284 1151 2319 quaedam
1174 2284 1375 2320 peremptoria
1400 2285 1508 2313 citatio.
1527 2286 1658 2322 Scripta,
1679 2287 1790 2315 scilicet

1013 2330 1081 2358 libri
1097 2340 1162 2367 quae
1177 2331 1355 2367 aperientur,
1371 2334 1457 2359 erunt
1471 2332 1545 2360 sicut
1561 2334 1699 2369 quaedam
1713 2337 1786 2370 acta,

1014 2379 1041 2404 et
1064 2386 1219 2414 processus
1241 2378 1372 2406 recitatio
1388 2400 1396 2412 ,
1423 2381 1450 2406 et
1473 2380 1590 2407 testium
1613 2381 1785 2416 publicatio.

1012 2425 1107 2452 Verba
1128 2434 1193 2461 quae
1217 2425 1350 2452 dicentur
1369 2429 1454 2454 erunt
1475 2427 1549 2454 sicut
1569 2428 1707 2462 qucedam
1720 2435 1787 2455 sen*-

1011 2471 1107 2499 tentiae
1120 2472 1332 2507 promulgatio.
1345 2474 1431 2500 Facta
1444 2481 1510 2509 quae
1523 2476 1692 2509 sequentur,
1704 2476 1788 2502 erunt

1011 2519 1085 2546 sicut
1113 2520 1252 2555 quaedam
1276 2519 1340 2547 latae
1365 2522 1393 2548 et
1419 2521 1613 2557 promulgatae
1637 2521 1786 2550 sententiae

1012 2567 1154 2596 executio.

1012 2636 1088 2654 serm.
1105 2636 1133 2659 11,
1145 2631 1176 2654 al.
1189 2636 1294 2659 comm,
1306 2637 1332 2654 n.
1343 2631 1423 2654 2.-3
1439 2632 1512 2661 Sup.‚
1528 2631 1566 2654 tit.
1577 2637 1602 2661 v,
1613 2638 1635 2655 c.
1652 2636 1685 2661 VJ,
1702 2639 1726 2662 p.
1741 2632 1784 2656 301

1012 2667 1036 2688 et
1051 2672 1104 2696 seq.
1117 2678 1146 2685 --
1160 2666 1169 2682 ⁵
1181 2668 1253 2697 sup„
1270 2665 1304 2690 tit.
1320 2672 1354 2697 iv,
1367 2673 1390 2690 c.
1406 2673 1442 2697 iv,
1459 2674 1484 2697 p.
1501 2668 1545 2691 :288
1562 2669 1586 2692 et
1597 2673 1684 2698 seq.-—-
1698 2667 1709 2686 ⁸
1721 2667 1785 2692 ibid.
