2004 3037
822 232 909 264 GAP.
933 231 1105 265 CVI-GVH.

151 311 176 347 ἀ
190 303 286 340 Vade,
307 305 336 333 et
355 303 486 342 amplius
503 303 568 340 jam
585 302 650 332 noli
664 309 799 340 peccare.
815 311 830 329 »
844 302 938 336 Joan„

158 359 219 388 vm,
235 353 280 380 11.

420 431 566 467 CAPUT
589 431 674 467 CVI.

365 512 402 539 De
424 512 592 546 confessione
614 511 730 547 peccati.

193 588 331 618 Monebat
352 588 496 617 Dominus
515 588 612 617 Adam
632 589 700 624 post
718 588 875 623 peccatum
895 595 941 615 re-

158 644 339 672 cognoscere
364 635 485 672 culpam
507 642 613 670 suam;
637 634 691 662 sed
713 633 767 662 ille
791 633 941 671 quodam-

157 683 252 712 modo
270 683 386 712 retorsit
403 682 436 711 in
452 684 545 711 Deum
559 684 588 710 et
602 681 778 716 mulierem,
793 683 820 709 et
834 681 942 711 mulier

157 732 189 760 in
202 733 381 769 serpentem,
399 730 479 765 Gen„
497 738 540 766 111,
557 731 591 758 12
608 738 615 757 :
635 738 649 756 ιι
664 729 767 758 Mulier
781 737 874 766 quam
888 728 942 757 de-

157 778 226 808 disti
240 778 313 806 mihi
327 777 450 814 sociam,
468 788 483 804 ι)
500 779 554 806 etc.
570 778 604 805 Et
617 778 696 813 post,
711 778 747 806 13
762 786 768 805 ;
787 787 800 803 «
815 777 941 813 Serpens

158 825 274 862 decepit
288 834 346 853 me.
363 836 377 852 »

192 873 263 902 Cain
282 873 318 910 (a)
339 871 515 909 recognovit
532 873 689 909 peccatum
712 879 802 900 suum
824 870 943 906 dicens,

159 921 236 953 Gen„
251 929 290 956 iv,
306 922 340 949 13
357 929 364 949 :
383 930 397 947 α
412 920 503 956 Major
518 920 562 948 est
574 919 716 956 iniquitas
730 927 808 954 mea,
826 928 841 945 »
858 919 914 946 etc.

193 969 265 997 Item
284 968 399 997 Pharao
419 967 495 996 dixit
516 976 523 995 ε
551 976 565 993 ει
587 966 726 1000 Peccavi,
747 976 760 993 n
787 966 890 1001 Emod„
912 974 944 994 ix

158 1016 187 1044 et
201 1023 229 1044 x.
245 1017 317 1044 ltem
332 1015 406 1044 dixit
420 1014 507 1049 Saul,
531 1016 540 1044 1
562 1015 639 1049 Req„
659 1021 729 1042 xxv.
747 1014 819 1042 Item
839 1013 943 1049 sudas,

159 1063 272 1099 Matth„
297 1071 384 1091 xxvu.
409 1062 512 1091 Nullus
535 1064 637 1091 tamen
661 1069 698 1089 ex
720 1060 869 1098 praedictis
890 1068 942 1088 ve-

158 1110 241 1138 niam
268 1111 443 1138 consecutus
467 1111 526 1144 est,
553 1108 624 1145 quia
652 1116 716 1137 non
742 1109 824 1136 recto
852 1107 943 1136 corde

159 1157 309 1185 dixerunt.
340 1156 439 1185 Simile
468 1156 543 1184 dixit
570 1155 664 1184 David
692 1155 783 1183 corde
810 1154 918 1183 humili
932 1176 942 1190 ‚

158 1205 272 1239 11Re9.,
289 1213 345 1241 x113
361 1206 390 1233 et
403 1203 508 1232 audire
523 1203 635 1232 meruit
650 1212 657 1231 :
678 1212 692 1229 α
705 1202 849 1231 Dominus
862 1204 943 1231 tran-

159 1251 240 1279 stulit
254 1253 410 1287 peccatum
422 1253 519 1286 tuum,
533 1261 547 1278 »
563 1252 619 1279 etc.

195 1298 301 1326 Afflicti
322 1298 377 1326 filii
398 1298 487 1327 lsrael
506 1305 560 1335 per
580 1298 699 1334 ignotos
719 1298 870 1334 serpentes
892 1305 945 1325 ve-

159 1346 268 1374 nerunt
281 1345 322 1374 ad
335 1347 471 1382 Moysen,
489 1349 579 1382 atque
599 1345 739 1373 dixerunt
754 1353 761 1373 :
781 1354 795 1371 «
810 1345 945 1373 Peccavi-

160 1400 245 1428 mus,
262 1392 406 1430 quoniam
420 1393 513 1421 locuti
529 1401 633 1421 sumus
650 1393 754 1421 contra
770 1391 944 1428 Dominum,

162 1442 190 1468 et
204 1443 307 1469 contra
321 1442 361 1477 te,
375 1451 388 1468 n
407 1443 461 1469 etc.
475 1442 570 1475 Num„
587 1448 648 1475 xxr,
663 1442 690 1468 7.

197 1487 391 1516 Vehementer
405 1487 540 1525 oppressi
560 1487 616 1516 filii
637 1487 726 1516 lsrael
740 1495 758 1515 a
775 1486 946 1515 Philisthaeis

163 1537 190 1563 et
205 1534 274 1563 filiis
289 1537 428 1570 Ammon,
444 1535 583 1563 dixerunt
597 1534 637 1562 ad
652 1533 823 1568 Dominum,
841 1533 946 1567 Μαῖα,

162 1591 192 1616 x,
207 1584 242 1610 10
258 1591 265 1610 :
284 1592 297 1608 α
312 1583 502 1611 Peccavimus
517 1592 522 1610 :
539 1581 633 1610 redde
649 1583 680 1609 tu
692 1580 781 1609 nobis
795 1579 947 1617 quidquid

161 1630 215 1658 tibi
229 1630 343 1667 placet3
360 1633 460 1659 tamen
472 1637 551 1658 nuno
566 1629 662 1657 libera
676 1637 742 1656 nos.
756 1639 769 1655 »

198 1678 404 1714 Reprehensus
419 1677 512 1705 David
533 1685 551 1704 a
567 1676 681 1704 Nathan
696 1675 844 1712 propheta
858 1684 948 1713 super

163 1733 285 1754 excessu
300 1733 391 1761 quem
407 1724 596 1753 commiserat
614 1724 646 1751 in
664 1723 763 1751 UrIam
778 1725 806 1751 et
820 1731 948 1752 uxorem

163 1773 245 1809 ejus,
271 1773 429 1809 peccatum
454 1779 543 1800 suum
570 1771 723 1800 humiliter
748 1771 946 1808 recognovit,

163 1821 185 1848 11
201 1821 276 1855 Req„
294 1828 345 1848 xn.

199 1867 352 1895 Humiliter
361 1866 535 1902 recognovit
544 1868 699 1902 peccatum
709 1865 814 1900 David,
823 1866 946 1902 quando

162 1914 271 1942 fecerat
284 1913 432 1950 populum
446 1912 614 1947 numerari,
630 1912 670 1940 ita
685 1913 770 1948 quod
788 1913 877 1941 etiam
891 1914 947 1941 ob-

163 1961 229 1989 tulit
248 1969 278 1989 se
301 1960 530 1997 percutiendum
547 1960 615 1988 loco
636 1959 743 1996 populi
765 1960 947 1995 innocentis,

163 2009 186 2037 11
201 2010 278 2043 Κεφ,
293 2016 374 2035 xxw.

201 2056 276 2084 Dixit
299 2056 454 2084 Nehemias
479 2064 486 2083 z
511 2065 525 2081 (ι
550 2055 720 2084 confitebor
741 2063 796 2092 pro
820 2056 949 2093 peccatis

165 2104 298 2132 tiliorum
312 2103 410 2138 lsrael,
426 2102 536 2139 quibus
549 2105 749 2138 peccaverunt
761 2102 826 2138 tibi,
838 2105 865 2131 et
879 2112 948 2139 ego,

166 2154 194 2179 et
213 2151 322 2178 domus
341 2151 433 2186 patris
452 2149 510 2177 mei
531 2149 734 2185 peccavimus,
755 2150 885 2179 vanitate
906 2159 949 2180 se-

166 2198 248 2227 ducti
263 2206 376 2233 sumus,
393 2207 407 2224 2>
424 2200 478 2225 etc.
495 2198 618 2231 Nehem„
634 2206 654 2233 ι,
672 2199 699 2226 6.

201 2245 341 2279 Quamvis
359 2245 466 2272 Tobias
488 2244 526 2272 ab
548 2244 672 2272 infantia
693 2246 786 2273 Deum
808 2244 948 2281 timuerit,

166 2295 194 2321 et
208 2292 350 2320 mandata
365 2291 428 2326 ejus
443 2291 628 2326 custodierit,
645 2294 744 2319 tamen
761 2292 880 2320 dicebat
894 2293 949 2321 hu-

166 2339 275 2368 militer
289 2346 506 2374 recognoscens
520 2348 527 2366 :
547 2348 560 2364 «
574 2340 638 2367 Non
651 2338 767 2375 egimus
782 2340 949 2368 secundum

165 2390 312 2425 praecepta
331 2389 398 2421 tua,
421 2388 449 2414 et
469 2393 531 2414 non
554 2386 774 2415 ambulavimus
797 2387 949 2416 sinceriter

167 2443 270 2464 coram
283 2436 320 2462 te.
338 2444 352 2461 η
371 2434 447 2468 Τοὸ.,
463 2441 506 2468 ιιι,
523 2435 549 2460 5.

203 2484 271 2510 Tres
286 2481 358 2509 socii
373 2480 516 2514 Danielis,
533 2480 585 2516 qui
599 2480 638 2509 ita
653 2483 753 2510 sancte
771 2481 846 2510 inter
865 2482 950 2511 Chal-

169 2530 252 2557 doeos
265 2528 411 2561 vixerant,
427 2529 454 2554 et
473 2535 528 2563 pro
548 2527 658 2563 quibus
673 2530 747 2556 Deus
762 2530 877 2557 tantum
891 2531 948 2557 mi-

166 2576 303 2604 raculum
314 2575 440 2603 faciebat
454 2574 484 2601 in
496 2573 563 2602 forn
575 2582 627 2610 ce,
638 2583 830 2612 nequaquam
845 2578 949 2605 contra

169 2625 260 2651 Deum
278 2622 521 2656 murmurabant,
542 2621 628 2658 quasi
651 2622 758 2659 injuste
781 2623 851 2653 talia
869 2626 949 2661 pate-

200 2724 235 2756 (α)
252 2724 312 2749 Caet.
329 2722 390 2747 edit.
406 2722 494 2748 Cham.
511 2736 542 2741 -
555 2723 587 2753 (b)
603 2724 665 2748 Ilem
680 2725 822 2750 venientes.

1719 230 1781 261 615

996 301 1099 328 rentur
1107 309 1116 336 3
1130 299 1183 329 sed
1199 299 1320 328 dicebat
1333 298 1450 328 Azarias
1466 307 1473 327 ε
1492 307 1508 325 ιι
1521 297 1723 334 Peccavimus,
1737 297 1781 326 in-

993 348 1072 384 juste
1088 347 1214 383 egimus,
1227 357 1240 372 »
1258 348 1314 375 etc.
1331 348 1414 381 Dan„
1429 353 1472 381 ιιι,
1488 346 1535 374 29.

1029 389 1125 425 'Orans
1140 397 1232 424 Deum
1247 395 1349 424 Daniel
1361 395 1559 423 confitebatur
1574 395 1697 431 peccata
1710 401 1779 429 sua,

996 445 1025 472 et
1043 443 1165 480 populi,
1185 443 1287 471 dicens
1303 452 1309 470 :
1335 452 1350 469 «
1369 442 1575 478 Peccavimus,
1595 441 1780 478 iniquitatem

995 490 1131 526 fecimus,
1146 490 1238 527 impie
1254 490 1380 526 egimus,
1397 499 1410 516 »
1430 491 1486 518 etc.
1503 490 1586 522 Dan„
1602 497 1644 523 lx,
1659 490 1687 518 5.

1033 539 1137 567 Sextus
1162 538 1285 567 illorum
1310 539 1425 575 septem
1450 538 1576 566 fratrum
1601 537 1679 565 mori
1704 537 1782 566 inci-

996 585 1096 622 piens,
1121 585 1162 614 ait
1184 594 1190 613 :
1217 596 1230 612 «
1252 587 1310 614 Nos
1335 586 1415 614 enim
1438 587 1562 622 propter
1583 583 1781 620 nosmetipsos

996 632 1059 661 haec
1082 633 1233 669 patimur,
1257 632 1330 669 quia
1353 632 1543 669 peccavimus
1566 631 1598 660 in
1622 631 1782 660 Dominum

997 681 1144 714 nostrum,
1158 690 1171 706 »
1187 682 1242 708 etc.
1258 681 1280 708 11
1297 680 1433 714 Machab.,
1447 687 1501 715 vu,
1515 680 1561 707 18.

1033 726 1197 755 Veniebant
1215 727 1254 755 ad
1271 728 1416 755 loannem
1434 726 1594 763 Baptistam
1614 725 1713 754 omnis
1732 727 1781 754 Ju-

999 773 1074 809 daea,
1090 775 1119 802 et
1133 774 1231 802 omnis
1244 774 1328 810 regio
1343 773 1415 802 citra
1424 773 1596 808 Jordanem,
1611 773 1782 801 confitentes

997 822 1120 857 peccata
1133 829 1197 856 sua,
1213 822 1329 856 Matth„
1346 829 1394 857 1¹13
1411 822 1511 856 Marc„
1527 829 1546 849 1.

1034 868 1212 897 Praedicante
1232 868 1323 897 Paulo
1343 876 1396 904 per
1419 869 1529 903 Asiam,
1551 867 1638 896 multi
1657 867 1781 896 creden-

997 917 1073 945 tium
1092 917 1252 946 veniebant
1272 918 1444 946 confitentes
1465 917 1500 954 (b)
1523 917 1551 945 et
1572 916 1783 945 annuntiantes

999 966 1081 994 actus
1096 973 1176 993 suos.
1191 966 1267 1001 Act„
1282 973 1345 1000 xnx,
1359 966 1405 993 18.

1255 1059 1399 1094 CAPUT
1422 1059 1524 1094 CVII.

1116 1133 1153 1161 De
1172 1133 1277 1161 duritia
1296 1136 1322 1160 et
1340 1133 1516 1161 obstinatione
1535 1134 1669 1161 malorum

1035 1203 1118 1238 Cain,
1130 1205 1197 1239 post
1210 1204 1445 1239 increpationem
1458 1210 1550 1239 quam
1563 1202 1633 1231 fecit
1646 1203 1673 1231 ei
1686 1203 1783 1231 Domi-

999 1258 1074 1285 nus,
1100 1251 1186 1287 pejor
1212 1250 1283 1286 fuit,
1313 1252 1342 1279 et
1367 1249 1565 1279 fratricidium
1591 1250 1784 1287 perpetravit.

1002 1297 1077 1330 Gen„
1096 1306 1136 1326 lv.

1036 1346 1092 1373 Cor
1108 1345 1268 1374 Pharaonis
1282 1353 1381 1382 neque
1395 1352 1450 1381 per
1464 1344 1580 1373 blanda
1594 1343 1702 1379 verba,
1718 1353 1785 1381 quoe

1000 1392 1099 1429 primo
1116 1392 1191 1420 dixit
1205 1394 1320 1429 Moyses
1333 1401 1370 1420 ex
1382 1394 1465 1428 parte
1480 1391 1606 1426 Domini,
1619 1400 1718 1429 neque
1733 1400 1787 1429 per

1002 1440 1078 1468 dura
1094 1439 1214 1475 flagella
1231 1439 1328 1476 potuit
1347 1439 1486 1468 emolliri.
1509 1439 1611 1474 Eaeocl„
1637 1448 1666 1475 v,
1691 1448 1786 1476 usque

1002 1487 1041 1515 ad
1056 1487 1207 1515 decimum
1223 1495 1291 1523 cap.

1038 1535 1101 1563 Filii
1115 1535 1203 1564 Israel
1218 1535 1356 1563 dicuntur
1367 1542 1385 1563 a
1399 1534 1524 1562 Domino
1537 1543 1551 1560 «
1560 1534 1693 1570 populus
1706 1534 1787 1562 durae

1003 1584 1136 1619 cervicis,
1153 1594 1166 1611 »
1184 1584 1285 1618 EoeocL,
1302 1585 1330 1612 et
1343 1584 1440 1617 Num„
1454 1582 1579 1618 pluries.

1039 1631 1100 1660 Heli
1129 1631 1318 1659 sermonibus
1347 1630 1425 1659 filios
1451 1638 1521 1659 suos
1547 1629 1709 1666 corripuit3
1735 1630 1788 1658 sed

1002 1679 1078 1707 nihil
1093 1678 1120 1706 ei
1134 1678 1255 1715 profuit.

1039 1726 1159 1755 Samuel
1186 1724 1324 1762 praedixit
1350 1724 1465 1761 populo
1495 1724 1683 1753 conditiones
1712 1725 1790 1761 regis

1004 1781 1110 1802 eorum
1128 1773 1217 1801 valde
1239 1780 1361 1808 graveS,
1379 1773 1407 1800 et
1426 1771 1511 1808 quod
1528 1771 1587 1800 hoc
1613 1772 1792 1808 displicebat

1003 1820 1129 1849 Domino
1136 1829 1144 1856 3
1162 1821 1305 1848 ettamen
1319 1819 1416 1847 noluit
1430 1819 1572 1847 desistere
1589 1819 1630 1848 ab
1648 1819 1789 1856 incoepto.

1001 1869 1011 1897 I
1027 1869 1103 1903 ch„
1116 1875 1178 1896 vni.

1038 1917 1138 1952 Neque
1160 1923 1214 1951 per
1232 1914 1326 1942 verba
1342 1914 1490 1950 Jonathae,
1506 1922 1605 1950 neque
1625 1922 1679 1950 per
1698 1914 1789 1942 bene-

1003 1963 1071 1991 ficia
1086 1970 1103 1991 a
1118 1962 1212 1990 David
1220 1963 1349 1997 recepta,
1365 1969 1416 1989 cor
1431 1961 1527 1989 Saulis
1543 1962 1582 1989 ad
1599 1961 1790 1997 diligendum

1003 2010 1103 2046 ipsum
1132 2008 1223 2037 David
1251 2008 1348 2044 potuit
1376 2009 1546 2044 provocari.
1577 2010 1587 2037 l
1613 2010 1693 2044 Req„
1718 2017 1791 2038 xviii

1004 2058 1032 2084 ct
1046 2065 1108 2085 xm.

1040 2107 1078 2133 De
1093 2104 1187 2133 Nabal
1207 2104 1324 2139 dicitur,
1349 2105 1359 2132 Ι
1382 2105 1458 2139 Rey„
1482 2111 1552 2138 xxv,
1573 2104 1600 2139 3,
1622 2103 1707 2140 quod
1729 2106 1793 2132 erat

1004 2153 1099 2187 dzcrzts,
1115 2154 1143 2180 et.
1157 2153 1301 2188 pessimus,
1319 2152 1347 2179 et
1360 2151 1527 2178 malitiosus.

1041 2199 1192 2227 Obstinate
1212 2198 1302 2227 nimis
1324 2197 1409 2226 Asael
1427 2198 1664 2234 persequebatur
1679 2198 1788 2234 Abner,

1004 2248 1025 2275 11
1040 2248 1116 2282 Κεφ,
1134 2254 1165 2275 ιι.

1039 2293 1168 2322 Mittebat
1191 2292 1333 2321 Dominus
1359 2291 1431 2320 viris
1454 2291 1530 2320 Juda
1555 2292 1735 2329 prophetas,
1758 2295 1797 2321 ut

1003 2341 1218 2370 reverterentur
1240 2339 1279 2367 ad
1298 2348 1367 2367 eum
1387 2348 1393 2366 :
1416 2347 1492 2376 quos
1518 2339 1559 2366 illi
1577 2340 1681 2368 audire
1703 2340 1788 2368 nole-

1004 2388 1091 2424 bant3
1112 2388 1173 2416 imo
1190 2388 1279 2415 etiam
1299 2387 1459 2421 Zachariae,
1479 2387 1577 2414 filium
1597 2387 1727 2421 Joiauae,
1747 2388 1789 2415 in-

1004 2438 1174 2472 crepantem
1190 2435 1348 2463 creduliter
1364 2434 1547 2462 occiderunt.
1561 2435 1582 2461 11
1597 2435 1704 2468 Parcit,
1716 2443 1786 2462 xxv.

1040 2483 1176 2511 Ezechias
1196 2491 1247 2510 rex
1274 2482 1350 2510 Juda
1371 2482 1450 2509 misit
1473 2481 1593 2508 nuntios
1616 2481 1645 2509 in
1668 2481 1795 2517 uuiver-¹

1004 2540 1070 2559 sum
1086 2531 1174 2559 lsrael
1190 2530 1320 2558 dicentes
1338 2538 1344 2557 :
1364 2539 1378 2555 «
1392 2529 1486 2556 Nolite
1501 2529 1641 2557 indurare
1658 2529 1787 2557 cervices

1003 2581 1134 2612 vestras,
1160 2578 1235 2605 sicut
1258 2580 1356 2613 patres
1382 2576 1488 2610 vestri,
1514 2586 1526 2601 n
1552 2578 1605 2604 cic.
1632 2577 1784 2612 Sequitur,

1005 2626 1089 2664 quod
1098 2626 1141 2654 illi
1154 2636 1167 2651 «
1176 2625 1351 2660 irridebunt,
1363 2627 1390 2653 et
1399 2625 1623 2653 subsannabant
1632 2633 1692 2660 θος,
1705 2635 1718 2651 »
1729 2626 1783 2653 ete.

1004 2676 1024 2703 ll
1041 2675 1146 2708 Parcit,
1163 2681 1230 2707 xxx,
1247 2673 1273 2706 8,
1292 2674 1335 2700 10.

1041 2720 1199 2749 Durissima
1215 2719 1335 2747 fuerunt
1351 2719 1444 2747 corda
1465 2718 1586 2747 illorum
1593 2728 1602 2754 3
1625 2720 1676 2756 qui
1698 2727 1786 2747 vene·-
