2004 3037
763 249 849 282 cAP.
878 251 915 282 ΙΙ.
941 250 1161 285 PARTIGULA
1185 254 1224 286 Π.

190 320 324 350 minibus
336 318 478 350 omnibus
501 317 669 354 separatus,
688 323 758 345 cum
781 317 866 354 equis
879 320 970 347 terre·

190 368 238 397 nis
248 390 258 404 ‚
273 367 386 396 seilicet
402 364 609 395 affectionibus
629 363 754 401 ineptis,
774 363 930 393 insensatis
943 367 972 393 et

192 415 362 444 carnalibus
381 411 538 442 desideriis
551 411 735 446 traheretur,
757 411 924 440 secundum
938 411 972 440 il-

191 463 247 491 lud
266 461 367 492 lsajae²
383 469 391 489 :
407 461 540 495 AEqyptus
563 459 659 491 homo,
682 461 708 486 et
730 467 784 487 non
805 460 887 487 Deus.
914 458 972 488 Sed

192 517 261 538 eum
293 506 517 536 extensionibus
550 505 651 541 ignitis
685 505 905 542 aliquantulum
932 505 971 534 ad

191 553 455 594 experimentalem
479 556 507 582 et
529 552 711 581 diviniorem
732 552 862 581 laetitiam
887 560 972 580 mens

191 602 318 632 amanus
332 601 464 637 attingit,
480 608 549 628 cum
568 599 706 627 nondum
720 599 844 627 terrenis
864 598 973 627 affecti-

190 649 249 678 bus
269 657 302 677 se
325 648 432 676 sentiat
455 646 646 684 expeditam,
661 646 733 682 quia
751 646 792 674 ad
809 647 868 674 hoe
879 646 973 674 virtus

190 695 315 734 propria
338 703 402 723 non
424 693 548 729 sufficit,
571 693 667 721 sciens
690 701 721 721 se
745 693 807 721 duo
825 692 974 721 contraria

192 743 282 773 simul
296 751 359 772 non
373 751 461 780 posse
474 741 648 779 possidere,
663 743 812 770 terrenam
825 741 975 777 pondero-

192 791 326 825 sitatem,
341 790 382 818 ob
402 797 523 818 carnem
545 788 770 825 corruptibilem
793 787 916 816 inferius
935 789 975 816 at-

193 837 359 866 trahentem
368 857 378 871 ,
392 836 465 873 petit
479 844 497 864 a
512 835 622 863 dilecto
636 835 792 863 instantius
804 834 953 863 removeri
966 844 973 862 :

194 892 264 913 cum
289 883 374 920 prior
399 883 559 911 oblectatio
587 883 725 918 respectu
753 881 904 917 dignitatis
932 889 976 910 se-

195 931 312 967 quentis
335 930 443 958 laetitiae
463 930 527 965 jam
546 929 669 957 vilescat
676 938 685 964 ς
702 937 772 956 cum
793 928 909 956 ratione
924 935 976 964 op—

194 977 366 1014 positionis,
382 976 542 1014 spiritualis
561 971 735 1011 jucunditas
749 975 858 1011 prioris
873 975 975 1010 gaudii

195 1023 329 1052 denudet
349 1022 599 1058 amaritudinem;
621 1030 690 1050 cum
712 1022 815 1050 radius
833 1021 974 1057 interior,

195 1070 264 1098 lieet
285 1078 348 1098 non
373 1069 410 1098 sit
432 1069 464 1097 in
487 1069 618 1105 perfecta
642 1068 829 1105 plenitudine
843 1090 853 1104 ,
877 1071 976 1097 tamen

196 1117 303 1146 mundi
326 1117 534 1154 deceptionem
557 1118 586 1144 et
606 1116 822 1152 turpitudinem
848 1116 977 1152 apertius

197 1163 383 1198 manifestet,
407 1167 441 1192 ut
465 1164 507 1191 sic
529 1163 668 1199 rubigine
692 1165 885 1199 consumpta,
908 1162 976 1198 igne

199 1210 309 1239 amoris
327 1210 401 1238 levis
415 1210 534 1245 effecta,
548 1210 655 1246 pennis
678 1209 870 1238 affectionum
893 1217 977 1245 supe—

197 1258 260 1286 rius
274 1258 390 1286 elevata
403 1259 432 1286 et
445 1256 623 1294 stupefacta,
636 1257 846 1285 admirabilem
859 1256 891 1284 111
903 1263 979 1293 prae-

196 1305 271 1332 senti
291 1304 451 1333 certissime
475 1304 597 1339 sentiat,
612 1312 704 1340 quem
726 1303 875 1332 advenam
895 1303 979 1339 igno-

196 1353 304 1388 rabat,
315 1355 349 1382 ut
361 1361 416 1389 per
428 1352 538 1380 multas
553 1352 724 1380 affectiones
733 1372 743 1386 ‚
764 1353 792 1379 et
808 1351 979 1380 continuata

198 1400 346 1428 desideria
373 1400 469 1427 multo
496 1401 632 1435 tempore
666 1398 867 1426 desideratum
896 1398 978 1426 inve-

198 1448 299 1482 niens,
315 1448 394 1476 dieat
406 1448 559 1475 admirans
573 1455 635 1484 prae
648 1447 760 1482 gaudio
773 1448 783 1464 ²
799 1455 806 1474 :
826 1448 894 1474 Vere
908 1450 938 1474 tu
953 1455 979 1474 es

198 1496 269 1522 Deus
288 1495 470 1522 absconditus.
493 1496 574 1522 Tunc
595 1494 675 1521 enim
698 1501 810 1521 nomen
832 1493 916 1529 quod
938 1495 980 1520 est

199 1542 337 1570 mirabile
353 1542 565 1576 sanctificatur,
583 1541 705 1578 quando
725 1541 758 1568 in
772 1549 825 1568 sua
838 1541 979 1576 petitione

200 1589 357 1617 exauditur
367 1611 375 1623 ‚
392 1590 422 1616 ut
446 1590 526 1616 terra
538 1591 669 1623 remota,
685 1587 717 1615 id
731 1590 773 1615 est
787 1587 958 1615 carnalitate
970 1609 978 1622 ,

200 1636 282 1664 solus
293 1643 421 1672 sponsus
435 1644 504 1664 cum
518 1635 582 1664 sola
597 1643 708 1671 sponsa
719 1635 894 1663 mirabiliter
907 1643 980 1671 prae-

201 1685 339 1711 sentetur.

479 1722 591 1747 Secunda
607 1723 704 1754 petitio.

237 1777 374 1804 Adveniet
393 1785 509 1810 ,regnum
534 1780 621 1804 tuum.
646 1778 726 1804 Tunc
752 1777 832 1804 enim
854 1784 981 1812 regnum

203 1821 252 1849 Dei
266 1822 297 1848 in
311 1821 443 1849 animam
457 1821 537 1848 venit
555 1823 700 1857 perpetuo
716 1821 792 1848 solio
807 1821 980 1855 stabilitum,

203 1868 326 1904 quando
347 1868 378 1895 in
399 1870 513 1895 tantum
526 1868 620 1895 virtus
641 1868 772 1895 ardentis
786 1868 896 1895 amoris
911 1876 982 1903 prae·

203 1915 282 1943 valet
296 1915 328 1942 in
348 1915 469 1951 spiritu,
489 1917 521 1942 ut
543 1922 604 1942 non
627 1915 726 1942 solum
747 1915 982 1943 inordinationes

203 1961 378 1989 interiorum
399 1969 539 1989 sensuum
559 1961 748 1989 velocissima
770 1962 981 1989 insurrectione

205 2008 327 2036 viriliter
341 2008 557 2044 comprimens,
574 2008 697 2036 domina
716 2009 804 2036 totius
826 2009 910 2043 regni
925 2008 982 2044 spi-

205 2054 319 2081 ritualis
332 2057 492 2090 appareat,
509 2055 563 2082 sed
578 2063 646 2082 cum
665 2055 772 2082 xirtute
791 2055 884 2091 ipsius
899 2063 982 2083 amo-

205 2100 245 2128 ris
266 2101 368 2128 omnia
390 2103 455 2127 acta
473 2100 587 2135 judicio
608 2101 730 2128 rationis
751 2104 982 2136 praesentantur,

206 2149 238 2174 ut
251 2147 343 2181 illud,
357 2146 442 2183 quod
455 2147 523 2182 plus
545 2146 653 2174 dilecto
668 2147 786 2182 placere
810 2148 982 2182 decreverit,

205 2202 321 2230 semper
332 2194 364 2221 in
379 2193 461 2221 omni
475 2195 542 2220 actu
557 2195 701 2227 exerceat,
715 2193 778 2228 jam
794 2201 825 2220 se
845 2202 913 2220 cum
929 2201 982 2221 suo

207 2248 331 2276 corpore
354 2240 386 2267 in
402 2240 550 2275 obsequio
574 2239 668 2275 ipsius
683 2240 781 2267 dilecti
796 2240 964 2267 annihilans
976 2262 982 2272 ,

206 2296 260 2323 per
280 2287 382 2315 radios
405 2287 554 2314 immissos
573 2286 612 2314 ab
626 2287 691 2323 ipso
706 2288 902 2323 praecogitans
918 2297 984 2324 quae

207 2333 392 2369 beneplacita
405 2336 474 2361 sunt
489 2333 581 2367 illi‚et
594 2333 658 2369 ipsa
673 2343 741 2361 cum
750 2335 925 2362 discretione
940 2335 984 2363 in-

207 2380 397 2408 avertibiliter
411 2382 584 2416 exequatur.
603 2382 635 2408 Et
655 2381 679 2408 si
694 2389 756 2409 non
772 2390 888 2418 semper
903 2385 982 2417 actu,

207 2428 282 2456 hora
307 2430 406 2455 tamen
432 2430 572 2455 consueta
596 2427 683 2455 faciat
710 2429 876 2456 orationem
890 2450 899 2463 ,
928 2429 983 2456 nisi

207 2475 308 2510 aliqua
324 2475 362 2502 de
377 2482 466 2502 causa
487 2474 639 2509 exteriori,
655 2475 702 2502 vel
720 2476 827 2510 majori
843 2476 984 2503 obedien-

207 2521 248 2548 tia
269 2521 451 2556 praepeditus
467 2530 474 2548 ;
491 2520 629 2548 voluntas
651 2523 750 2548 tamen
774 2522 805 2549 in
824 2524 984 2558 conspectu

209 2567 308 2594 dilecti
323 2569 464 2603 appareat
475 2575 537 2594 non
551 2567 664 2603 inanis,
680 2571 711 2595 ut
723 2569 785 2603 jam
800 2569 831 2596 in
846 2569 985 2597 omnibus

210 2622 262 2642 non
275 2616 381 2649 quaerat
401 2622 459 2649 quoe
476 2622 526 2641 sua
548 2617 626 2647 sunt,
645 2614 698 2643 sed
719 2623 787 2651 quae
801 2616 866 2650 Dei,
882 2624 985 2644 secun-

242 2673 247 2685 ¹
263 2672 323 2702 1sa.‚
338 2677 417 2702 xxxi,
433 2672 456 2696 3.
474 2685 506 2690 —
523 2673 531 2686 ²
550 2673 610 2701 lsa..
628 2679 688 2703 nv,
705 2676 742 2697 15.
760 2687 790 2692 —
811 2675 819 2688 ³
834 2674 939 2705 Philip..
957 2681 984 2705 11,

243 2713 274 2742 (ο)
292 2712 352 2735 Coet.
368 2711 427 2735 eom.
444 2712 574 2736 continuo.

1765 255 1803 287 13

1025 319 1099 349 dum
1113 322 1287 359 Apostolum
1299 323 1311 340 ⁸
1320 344 1330 358 ,
1349 324 1382 351 ut
1398 322 1461 358 jam
1478 322 1511 351 in
1524 321 1590 359 ipsa
1603 323 1708 358 regnet
1723 322 1805 351 solus

1025 367 1120 402 neus,
1141 376 1210 397 cum
1229 369 1294 405 Jam
1316 368 1446 405 seipsam
1466 368 1606 397 voluntas
1626 368 1806 398 sacrificium

1025 413 1225 443 medullatum
1239 415 1403 444 obtulerit:
1420 415 1492 452 quia
1509 415 1624 451 justum
1647 418 1707 451 est,
1721 417 1755 444 ut
1774 415 1806 444 in

1025 460 1110 497 ipso,
1126 469 1144 489 a
1159 470 1220 498 quo
1243 463 1343 490 creata
1365 463 1426 497 est,
1448 461 1576 490 finaliter
1598 462 1804 500 conquiescat,

1026 506 1089 544 ipse
1103 508 1184 536 solus
1197 508 1228 536 in
1241 508 1306 545 ipsa
1321 508 1403 536 solus
1423 508 1570 544 resideat,
1584 511 1618 537 ut
1638 509 1695 537 sub
1713 509 1807 546 ipsius

1027 562 1121 590 regno
1135 557 1301 584 reservetur
1312 555 1419 583 intacta
1428 577 1437 591 ,
1452 555 1527 583 utin
1542 555 1608 592 ipso
1621 556 1807 592 refrigerium

1027 609 1119 630 suave
1133 602 1282 638 inveniat,
1299 604 1328 630 et
1341 602 1421 630 dieat
1433 610 1495 639 prae
1507 602 1620 638 gaudio
1635 603 1645 619 ⁸
1661 612 1667 630 :
1683 603 1738 631 Sub
1749 612 1808 631 um-

1028 648 1078 676 bra
1091 649 1169 677 illius
1183 658 1261 684 quem
1281 649 1450 682 desideravi,
1465 649 1534 676 sedi.
1551 650 1583 677 Et
1601 649 1702 678 subdit
1715 650 1807 678 ratio-

1028 702 1099 723 nem
1115 704 1122 723 :
1139 696 1212 728 Quia
1225 698 1334 730 fructus
1349 696 1406 731 ejus
1421 696 1511 724 dulcis
1525 698 1634 731 gutturi
1648 705 1715 724 meo.
1729 698 1809 725 Tunc

1029 741 1110 770 enim
1132 750 1203 771 vere
1226 751 1354 778 regnum
1372 742 1509 776 adrenit,
1531 742 1602 778 quia
1625 743 1681 770 sub
1701 743 1810 772 umbra

1029 788 1110 817 illius
1129 789 1270 818 Altissimi
1296 789 1402 825 sedet,
1419 789 1471 826 qui
1496 791 1539 817 est
1562 791 1622 818 Rex
1646 797 1768 825 regum,
1782 793 1810 818 et

1030 836 1170 864 Dominus
1197 836 1417 864 dominantium
1437 845 1444 863 :
1468 844 1559 872 quem
1589 836 1654 872 ipsa
1682 836 1810 873 perfecte

1030 882 1162 918 obtinet,
1185 883 1333 919 quando,
1356 885 1388 911 ut
1413 882 1526 911 dietum
1547 885 1606 918 est,
1626 883 1810 911 voluntatem

1030 938 1127 965 suam,
1140 930 1307 958 secundum
1321 929 1406 966 quod
1419 930 1559 958 humanae
1571 929 1721 965 fragilitati
1731 938 1811 958 com—

1029 977 1117 1013 petit,
1131 978 1191 1005 Deo
1211 977 1342 1005 totaliter
1361 977 1564 1011 consecravit,
1581 977 1656 1005 nulli
1671 979 1811 1005 creaturae

1030 1023 1149 1060 penitus
1161 1024 1360 1059 subJacendo.

1323 1105 1404 1129 Tereia
1420 1105 1474 1136 peti
1475 1106 1518 1128 tio.

1067 1166 1130 1192 Fiat
1152 1167 1277 1193 veluntas
1301 1168 1366 1202 tua,
1379 1167 1450 1194 sicut
1473 1169 1504 1194 in
1525 1168 1603 1201 (σεῖο,
1622 1171 1648 1194 et
1670 1169 1701 1195 in
1725 1172 1809 1195 terra.

1032 1214 1107 1241 Cum
1121 1214 1202 1242 enim
1216 1222 1286 1242 vere
1301 1223 1364 1242 non
1385 1214 1505 1250 diligat,
1519 1215 1576 1243 nisi
1595 1223 1687 1252 quem
1701 1216 1812 1251 diligit,

1032 1262 1061 1289 et
1074 1260 1146 1289 velit
1161 1269 1230 1289 eum
1244 1261 1283 1289 ab
1297 1261 1438 1289 omnibus
1450 1261 1603 1296 venerari,
1619 1262 1690 1298 petit
1703 1270 1813 1298 sponsa

1033 1306 1118 1344 (quoe
1130 1316 1186 1344 per
1201 1308 1310 1336 coelum
1324 1308 1467 1344 signatur,
1477 1311 1509 1336 ut
1524 1308 1637 1336 dictum
1652 1309 1708 1344 est)
1724 1311 1756 1337 111
1769 1309 1812 1344 111,

1033 1354 1117 1390 quod
1131 1355 1231 1389 sentit,
1248 1355 1313 1382 aliis
1327 1355 1535 1391 peccatoribus
1550 1356 1559 1391 (
1571 1355 1624 1391 qui
1637 1363 1691 1391 per
1705 1358 1813 1383 terram

1034 1400 1232 1437 denotantur)
1248 1401 1479 1430 misericorditer
1493 1402 1671 1437 innotescat,
1687 1405 1719 1430 ut
1732 1403 1813 1439 ipse,

1034 1448 1087 1484 qui
1101 1448 1182 1476 solus
1197 1451 1240 1476 est
1255 1449 1399 1476 colendus
1414 1452 1442 1477 et
1463 1449 1668 1476 insatiabiliter
1686 1449 1814 1477 adoran-

1035 1494 1107 1529 dus,
1124 1496 1166 1523 sic
1178 1504 1208 1523 se
1220 1495 1387 1531 benignum
1401 1497 1432 1524 in
1447 1505 1501 1524 sua
1515 1496 1696 1524 revelatione
1710 1505 1814 1532 pecea-

1034 1541 1148 1568 toribus
1178 1542 1336 1576 exhibeat,
1360 1546 1392 1570 ut
1422 1543 1581 1570 scintillam
1608 1543 1738 1571 veritatis
1749 1565 1757 1578 ,
1787 1546 1815 1571 et

1035 1588 1144 1615 stillam
1157 1589 1234 1616 roris
1255 1589 1354 1625 ipsum
1376 1590 1463 1617 unice
1479 1590 1661 1625 attingentis,
1680 1590 1814 1625 ipsorum

1035 1635 1185 1663 mentibus
1212 1636 1410 1673 impartiendo
1441 1636 1597 1664 distribuat
1624 1646 1631 1664 :
1658 1639 1690 1664 ut
1718 1637 1816 1665 omnis

1035 1681 1139 1716 lingua
1163 1683 1379 1711 exardescentis
1403 1683 1567 1711 affectionis
1591 1682 1731 1717 interior,
1755 1692 1816 1720 qua

1036 1728 1118 1755 solus
1133 1728 1251 1765 spiritus
1267 1732 1382 1758 creatus
1403 1730 1539 1766 spiritum
1560 1730 1723 1758 increatum
1741 1731 1816 1758 allo-

1037 1775 1156 1811 quitur,
1186 1776 1361 1804 confiteatur
1390 1777 1660 1813 experimentaliter
1687 1786 1814 1813 cognos-

1037 1822 1133 1849 cendo
1149 1843 1159 1856 ,
1183 1823 1235 1850 ubi
1265 1826 1307 1851 est
1334 1824 1486 1851 ineffabile
1511 1824 1659 1859 judicium
1671 1847 1680 1860 ‚
1705 1825 1789 1860 quod
1805 1827 1814 1842 ⁵

1037 1870 1167 1896 Dominus
1183 1873 1274 1897 noster
1283 1872 1299 1897 J
1302 1879 1359 1898 esus
1373 1871 1391 1898 C
1393 1872 1496 1898 hristus
1514 1873 1543 1898 in
1555 1873 1641 1905 yloria
1653 1876 1691 1899 esl
1706 1873 1755 1899 Dei
1767 1874 1817 1900 Ρα-

1039 1917 1100 1946 tris,
1112 1916 1302 1951 diligentibus
1312 1917 1426 1953 ipsum,
1437 1920 1464 1945 et
1475 1917 1752 1954 derelinquentibus
1764 1922 1817 1947 ter-

1037 1970 1109 1990 rena
1124 1963 1250 1998 gaudia,
1268 1964 1307 1991 ad
1322 1964 1415 1991 multo
1430 1964 1488 1991 illis
1503 1965 1679 2000 pretiosiora
1693 1974 1817 1994 munera

1038 2009 1239 2045 multiplieiter
1263 2010 1453 2038 conferenda.
1470 2011 1606 2038 Secunda
1629 2012 1704 2039 ratio
1724 2021 1817 2048 quare

1038 2056 1069 2083 in
1084 2056 1179 2091 gloria
1198 2057 1286 2084 Patris
1303 2065 1364 2084 esse
1386 2057 1502 2091 dieitur,
1517 2060 1549 2084 ut
1569 2066 1622 2093 per
1640 2059 1750 2085 amoris
1764 2058 1816 2086 de-

1039 2103 1148 2130 sideria
1171 2111 1240 2130 vere
1265 2103 1438 2139 diligentem
1457 2104 1555 2139 ipsum
1573 2104 1612 2131 ad
1627 2113 1686 2132 suae
1700 2105 1817 2141 integri—

1039 2149 1104 2175 tatis
1132 2150 1275 2176 unitatem
1303 2149 1535 2177 misericorditer
1561 2151 1703 2186 erigendo
1720 2174 1728 2186 ,
1758 2161 1817 2180 suae

1040 2194 1231 2222 sollicitudini
1246 2196 1448 2231 compatiens,
1463 2196 1494 2223 in
1517 2196 1583 2224 sinu
1606 2206 1660 2225 suo
1679 2198 1817 2226 immobi-

1039 2241 1104 2269 liter
1119 2241 1254 2277 collocet,
1268 2242 1341 2270 sicut
1355 2242 1497 2270 Dominus
1513 2243 1582 2271 dicit
1597 2245 1624 2272 ⁸:
1639 2246 1672 2272 In
1685 2250 1816 2280 perpetua

1040 2289 1174 2316 charitate
1195 2289 1282 2316 dilexi
1298 2293 1339 2322 te,
1362 2290 1421 2317 ideo
1445 2292 1553 2317 attraxi
1577 2293 1600 2318 le
1619 2294 1750 2319 miserans
1765 2295 1815 2320 tui.

1039 2335 1084 2363 Ait
1098 2344 1168 2370 ergo
1182 2345 1188 2363 ;
1204 2337 1267 2363 Fiat
1282 2338 1406 2363 voluntas
1420 2341 1478 2371 tua,
1492 2339 1562 2364 sicut
1578 2339 1606 2364 in
1620 2340 1695 2370 coelo,
1709 2339 1817 2367 seilicet

1040 2382 1127 2410 firmo
1138 2404 1146 2416 ,
1162 2384 1300 2410 continue
1317 2383 1353 2419 (a)
1367 2383 1490 2416 mobili,
1507 2383 1630 2411 diversis
1653 2385 1814 2414 luminibus

1040 2430 1202 2464 adornato,
1213 2432 1245 2457 ut
1261 2430 1373 2457 dietum
1388 2433 1429 2457 est
1445 2431 1609 2465 anagogice
1621 2432 1811 2468 reducendo:

1041 2479 1065 2503 el
1091 2478 1119 2503 in
1142 2480 1228 2509 terra,
1248 2477 1280 2504 id
1305 2480 1361 2511 est,
1386 2477 1609 2513 peccatoribus,
1632 2479 1740 2506 scilicet
1763 2478 1814 2516 qui

1040 2531 1102 2550 non
1117 2523 1265 2551 immerito
1280 2526 1356 2551 terra
1377 2524 1497 2560 proprie
1521 2525 1728 2560 nominantur,
1745 2528 1816 2562 quia

1040 2569 1129 2605 longe
1144 2579 1162 2598 a
1182 2571 1304 2606 regione
1331 2571 1408 2606 ignis
1437 2573 1504 2598 sunt
1530 2572 1635 2607 positi,
1656 2581 1710 2608 per
1733 2575 1815 2609 cujus

1042 2618 1301 2653 consumptionem
1322 2618 1510 2654 purgativam
1533 2619 1633 2647 anima
1657 2619 1814 2656 levigatur.

1042 2681 1080 2704 21.
1097 2693 1128 2698 ·-
1141 2681 1151 2697 ὅ
1164 2681 1247 2706 Canl..
1266 2687 1295 2711 ΙΙ,
1312 2682 1334 2705 3.
1348 2694 1377 2700 --
1391 2682 1401 2698 ⁵
1415 2680 1584 2711 Philipp.,11,
1602 2685 1637 2706 Η.
1650 2696 1678 2701 —
1694 2689 1700 2697 ²
1715 2685 1814 2708 Jert‘m..

1043 2721 1115 2745 xxxr,
1133 2717 1155 2739 3.

1860 2493 1937 2513 Pecca-

1831 2526 1887 2543 tores
1896 2528 1934 2543 {er—

1831 2561 1855 2574 ra
1866 2556 1922 2574 sant.
