2004 3037
472 228 522 262 DE
544 227 779 261 GRATIARIJM
800 225 1168 260 SANCTlFlCATIONE.
1192 227 1280 260 CAP.
1302 226 1462 260 xxxviii.

164 295 257 334 Quam
271 295 433 332 generalis,
447 296 481 325 ut
494 295 589 325 trabes
610 297 703 332 supra
713 294 758 323 -de
780 294 938 323 virtutibus

164 343 366 372 cardinalibus
376 343 406 371 in
417 349 534 379 genere.
549 342 662 371 'ustitia
671 363 679 377 ,
694 343 726 370 ut
741 341 848 369 dicitur
862 341 893 369 in
903 341 939 369 li-

163 390 220 419 bro
236 388 385 426 Sapientem
396 391 416 425 ¹,
433 391 475 418 est
492 391 623 426 perpetua
637 388 793 424 multiplici
813 388 936 416 ratione.

164 437 281 472 Primo,
313 436 384 473 quia
406 437 562 472 perpetuat
585 435 735 469 animam,
760 434 939 462 stabiliendo

165 492 232 513 earn
247 484 277 512 in
292 483 392 512 debito
411 482 496 517 loco,
516 482 626 510 scilicet
643 483 699 510 sub
715 483 773 510 Deo
784 502 794 515 ,
810 484 837 510 et
851 485 941 517 supra

167 530 336 567 corporales
356 531 514 558 creaturas.
539 529 692 564 Secundo,
714 529 786 565 quia
807 527 942 556 manebit

166 577 198 606 in
216 577 311 614 patria
334 576 498 604 secundum
519 576 676 604 essentiam
700 578 727 603 et
748 583 845 603 usum.
872 574 942 602 Aliae

167 626 265 653 autem
278 624 398 652 virtutes
412 622 577 651 cardinales
587 644 596 658 ,
617 623 669 651 etsi
687 623 829 650 maneant
842 621 873 649 in
887 629 941 657 pa-

166 671 221 700 tria
231 671 394 699 secundum
406 670 563 699 essentiam
571 692 580 705 ,
595 671 767 698 nontamen
777 668 942 697 secundum

166 726 286 746 omnem
310 725 420 746 usum:
446 717 642 754 temperantia
666 717 745 744 enim
767 724 828 744 non
851 715 942 743 refre-

166 765 250 793 nabit
263 766 359 792 motus
375 764 492 792 illicitos
501 774 509 800 ;
525 764 683 800 prudentia
699 771 761 791 non
776 763 892 791 cavebit
904 762 943 791 ab

166 812 297 846 insidiis3
314 811 457 839 fortitudo
472 819 534 839 non
549 811 738 846 aggredietur
751 810 906 838 terribilia.

202 858 314 886 sustitia
322 857 497 895 pervertitur
507 857 668 893 tripliciter,
680 857 789 885 scilicet
804 860 828 885 1.
842 864 943 885 amore

171 913 326 942 personae,
344 904 391 932 vel
408 904 560 940 pecuniae²
574 914 580 932 ε
600 905 647 932 Voe
661 906 710 940 qui
725 905 879 938 justificatis
895 905 945 930 im-

166 954 244 987 pium
249 960 300 987 pro
306 959 423 979 munere.
432 954 459 980 ⁶2.
467 951 598 978 Timore³
608 960 614 978 ε
625 951 716 980 Nolite
726 952 817 978 timere
825 959 878 983 eos,
889 952 943 978 etc.

169 1000 195 1026 3.
211 999 344 1026 Rancore
355 998 385 1025 ⁴:
404 997 495 1025 Sciens
510 998 582 1032 quod
593 1005 642 1033 per
654 997 790 1025 invidiam
809 997 944 1024 tradidis-

168 1047 228 1072 sem
241 1053 309 1072 eum.

203 1091 291 1120 Multa
309 1091 431 1118 movent
449 1089 488 1117 ad
506 1090 713 1118 rectitudinem
733 1090 860 1125 justitiae.
887 1090 947 1117 Pri-

168 1145 252 1166 mum
272 1138 314 1166 est
332 1136 477 1165 rectitudo
495 1137 619 1165 humani
637 1137 788 1174 corporis,
811 1137 883 1173 quia
904 1136 948 1164 in-

170 1185 278 1213 decens
295 1184 384 1212 valde
403 1185 446 1211 est
465 1183 496 1211 in
518 1185 597 1211 recto
617 1191 742 1220 corpore
759 1191 884 1211 curvum
896 1183 948 1211 ha-

170 1231 240 1260 bere
256 1231 399 1259 animum.
422 1230 590 1258 Secundum
610 1233 652 1259 est
669 1230 812 1258 naturalis
826 1230 948 1258 inclina-

170 1278 230 1313 tio,
255 1277 342 1314 quia,
363 1279 396 1305 ut
413 1277 454 1305 ait
473 1277 670 1312 Augustinus,
688 1277 829 1305 «Iustitia
853 1279 895 1305 est
917 1277 948 1304 in

171 1324 260 1353 corde
271 1323 400 1352 hominis
410 1323 590 1351 naturaliter.
602 1334 616 1349 »
629 1324 768 1359 Tertium,
780 1324 851 1360 quia
861 1324 949 1351 bruta

171 1370 311 1399 animalia
332 1370 437 1398 docent
458 1371 553 1398 multa
570 1379 635 1407 quae
654 1371 802 1407 pertinent
816 1371 854 1398 ad
867 1371 950 1406 justi-

171 1418 242 1445 tiam
253 1438 262 1451 ‚
282 1419 314 1445 ut
332 1419 374 1445 est
391 1417 580 1451 innocentia,
601 1417 778 1452 concordia,
799 1420 827 1445 et
845 1418 949 1452 hujus-

171 1464 265 1492 modi.
288 1465 429 1497 Quartum
443 1465 485 1491 est
499 1463 647 1499 Scriptura
668 1465 678 1480 ⁵
692 1473 698 1492 :
725 1465 812 1500 Usque
830 1465 866 1491 ad
881 1472 950 1491 mor-

174 1514 224 1539 tem
238 1514 310 1538 certa
324 1519 372 1545 pro
383 1511 505 1545 justitia.

209 1556 332 1585 Effectus
340 1556 456 1591 justitiae
466 1558 533 1584 sunt
545 1559 568 1584 1.
583 1556 667 1592 quod
677 1557 860 1584 beatificat⁶z
875 1558 952 1584 Beati

174 1605 222 1639 qui
237 1605 376 1637 esuriunt,
393 1605 447 1631 etc.
466 1605 476 1620 ⁷
490 1603 522 1630 Si
535 1604 603 1638 quid
624 1605 757 1638 patimini
771 1607 881 1638 propter
890 1604 951 1637 jus-

175 1651 264 1677 titiam
275 1670 285 1684 ,
309 1651 392 1677 beati.
415 1652 442 1677 2.
469 1650 555 1683 Quod
579 1650 706 1677 8111111318
719 1659 726 1677 :
753 1650 806 1683 Qui
824 1653 952 1686 operatua·

169 1697 309 1732 justitiam
320 1717 329 1731 ,
353 1697 530 1724 exaltabitur.
552 1698 578 1724 3.
604 1697 772 1733 Appetitum
796 1697 952 1732 concupis-

176 1742 277 1770 eentiae
291 1742 456 1770 refrenaffl:
478 1744 541 1770 Erit
554 1743 670 1777 justitia
690 1744 829 1778 cinqulum
850 1744 952 1770 lumbo-

175 1798 236 1817 rum
251 1790 318 1824 ejus.
341 1791 366 1817 4.
383 1791 492 1817 Locum
508 1790 565 1817 Deo
580 1792 726 1826 praeparat
742 1792 782 1818 ¹0:
798 1791 913 1817 Justz'tz'a
928 1794 952 1817 et

172 1836 306 1870 judicium
326 1838 506 1871 praeparatz‘o,
530 1838 583 1863 etc.
607 1839 633 1864 5.
649 1839 671 1864 Α
686 1839 780 1864 morte
798 1838 905 1864 {eterna
920 1836 954 1864 li-

177 1882 260 1910 berat
271 1882 289 1898 ¹¹
305 1892 311 1910 ;
327 1884 443 1910 Justitz'a
457 1883 584 1910 liberabit
597 1892 614 1910 a
627 1886 719 1910 morte.
730 1885 756 1911 6.
773 1884 900 1911 Coronat
911 1884 933 1900 ¹2
945 1893 951 1911 :

179 1930 305 1963 Reposita
316 1932 354 1956 est
366 1930 434 1956 mihi
446 1937 542 1956 corona
554 1929 677 1963 justitiae.
686 1932 712 1957 7.
726 1931 904 1958 Remunerat
913 1931 953 1958 ¹³¹:

180 1975 318 2002 Retribuet
333 1976 401 2002 mihi
416 1977 542 2002 Dominus
556 1976 701 2003 secundum
711 1997 720 2011 ,
737 1979 792 2004 etc.

215 2020 327 2049 Iustitia
342 2021 472 2048 consistit
487 2023 512 2049 1.
529 2022 559 2049 in
573 2022 632 2049 fide
644 2032 652 2057 3
667 2023 823 2057 Apostolus
836 2024 854 2039 ¹⁴
867 2032 874 2050 :
893 2023 954 2051 Cre-

181 2069 260 2096 didit·
278 2069 416 2096 Abraham
438 2070 509 2100 Deo,
531 2072 555 2095 et
574 2072 748 2103 reputatum,
765 2072 819 2097 etc.
835 2071 861 2097 2.
885 2072 954 2098 Item

181 2116 211 2144 in
224 2115 357 2143 oratione
370 2115 387 2131 '⁵
400 2124 406 2142 :
417 2115 694 2150 clamaveruncjastz,
708 2117 762 2142 etc.
773 2117 799 2142 3.
814 2117 844 2143 111
854 2119 955 2143 sancta

181 2162 371 2190 meditatione
385 2162 405 2182 ¹⁶
420 2163 535 2188 :Beatus
549 2163 659 2196 vir,qui
675 2163 705 2188 in
719 2163 856 2196 sapientia
869 2170 956 2189 mora-

182 2211 265 2244 bitur,
276 2210 330 2236 etc.
343 2211 369 2236 4.
387 2210 417 2236 111
429 2208 633 2235 humiliatione
647 2209 666 2225 ¹⁷
679 2217 685 2234 ε
701 2209 744 2235 Sic
759 2209 832 2235 decet
846 2216 893 2235 nos
907 2210 958 2235 im-

179 2258 254 2292 plere
266 2262 367 2283 omnem
374 2255 528 2290 justitiam5
545 2254 646 2283 Glossa
659 2263 665 2282 z
682 2254 834 2283 «Perfecta
846 2255 958 2290 justitia

183 2304 226 2330 est
239 2301 367 2330 subdere
382 2309 412 2329 sc
430 2301 549 2329 minori.
566 2311 579 2326 »
595 2303 621 2328 5.
633 2302 664 2329 ln
679 2301 845 2330 eruditione
859 2302 878 2318 ¹⁸
892 2311 898 2329 :
911 2302 956 2329 Se-

182 2351 300 2378 minanti
308 2349 447 2384 justitiam
460 2356 555 2376 merces
568 2348 668 2382 fidelis.

220 2433 225 2447 ¹
242 2433 311 2462 Sap„
326 2438 343 2460 Ι,
362 2433 400 2455 15.
416 2444 447 2449 —
464 2432 472 2445 ²
487 2432 546 2460 Ι«ςα.,
561 2438 586 2461 v,
600 2434 638 2456 23.
650 2445 681 2450 —
694 2431 704 2447 ⁸
719 2433 820 2463 Mateta„
835 2439 861 2463 x,
877 2434 915 2457 28.
928 2447 958 2452 -

187 2469 196 2485 ⁸
213 2467 313 2492 Mutila..
326 2472 407 2496 11111,
423 2468 458 2490 18.
475 2479 504 2484 -—
518 2467 528 2484 ὅ
542 2467 684 2497 Eccti.,1v,
699 2469 738 2491 33.
749 2481 776 2485 -
793 2468 802 2482 ⁶
815 2469 917 2496 Matth.,
934 2475 958 2498 v,

189 2506 211 2527 ὓ,
229 2517 253 2520 -
270 2503 280 2520 ‘¹
297 2503 397 2532 [Pet1·.‚
417 2508 457 2532 1.1,
474 2504 511 2525 14.
530 2516 557 2519 ——
579 2505 588 2516 θ
604 2503 694 2532 Ecclzss,
711 2509 755 2533 xx,
771 2505 809 2528 30.
825 2517 856 2521 —
874 2505 883 2519 ⁹
901 2505 959 2535 Im„

189 2545 226 2568 ιι,
240 2540 262 2562 5,
280 2551 306 2555 -
326 2538 345 2552 ¹⁰
359 2537 425 2560 Psal.
444 2543 571 2568 Lxxxvill,
595 2539 632 2562 15.
649 2551 680 2555 —
702 2539 717 2554 ¹¹
738 2539 821 2568 Prota,
836 2546 872 2569 11,
888 2541 910 2564 4.
928 2553 959 2557 —

192 2575 208 2588 ¹2
224 2575 242 2597 11
260 2574 332 2601 Tim..
349 2578 384 2603 iv,
401 2573 424 2596 8.
441 2586 472 2590 —
491 2573 509 2586 ¹³
525 2573 593 2597 Psal.
609 2579 674 2603 xvn,
690 2575 728 2597 21.
745 2587 775 2592 —
794 2576 810 2589 ¹*
830 2576 908 2606 Roma,
923 2581 960 2605 iv,

189 2611 213 2634 3.
231 2621 262 2627 -—
282 2609 299 2623 ¹⁵
316 2608 384 2632 Psul.
405 2614 504 2638 xxxin,
529 2610 567 2632 18.
587 2622 619 2626 —
643 2609 662 2623 ’ὅ
684 2609 772 2641 Εςοίιζ,
794 2616 848 2640 xiv,
868 2612 907 2635 22.
928 2624 959 2629 —

190 2644 209 2661 ¹7
223 2643 326 2674 Mutat,
341 2649 383 2673 111,
403 2645 439 2668 15.
453 2657 484 2661 -
497 2644 514 2658 ¹³
528 2644 611 2675 Pron,
626 2646 717 2675 xi,18.
731 2658 761 2663 -
776 2646 794 2662 ¹⁹
805 2646 865 2676 Isa„
881 2653 919 2676 ΣΙ,
937 2649 957 2670 1.

188 2692 218 2698 -
233 2680 251 2693 ²⁰
263 2680 349 2708 (ἶνες,
363 2679 388 2701 in
403 2679 503 2709 Ezech„
517 2679 587 2704 bom.
601 2686 654 2709 xix,
669 2680 737 2704 circa
750 2681 816 2705 med.

1715 228 1769 262 1⁹1

1179 363 1349 397 CAPUT
1381 363 1610 399 XXXVIII.

1215 449 1254 476 De
1268 449 1351 476 Donis
1364 450 1394 476 in
1409 452 1563 478 communi.¹

1034 529 1111 558 Licet
1122 538 1226 559 omnes
1237 531 1355 558 babitus
1367 531 1426 559 dati
1440 531 1582 560 divinitus
1594 533 1708 569 possint
1719 534 1778 563 diei

999 577 1173 612 generaliter
1193 577 1273 605 dona
1292 578 1362 613 Dei,
1383 577 1549 613 specialiter
1568 581 1666 607 tamen
1681 582 1709 608 et
1723 589 1778 617 ap-

998 623 1148 660 propriate
1159 625 1273 660 septem
1285 625 1352 652 sunt
1364 624 1445 652 dona
1459 624 1582 666 Spiritus
1593 625 1685 654 sancti
1693 649 1700 661 ‚
1715 636 1780 663 quae

999 677 1052 706 per
1077 670 1214 698 ordinem
1239 673 1392 699 enumerat
1410 671 1438 706 ¹⁹,
1464 679 1613 700 asummo
1637 673 1780 710 incipiens

999 725 1094 754 usque
1109 718 1148 745 ad
1164 717 1302 746 ultimum
1317 718 1538 746 descendendo.
1561 720 1678 756 Septem
1693 720 1781 756 igitur

1000 766 1068 792 sunt
1083 765 1164 793 dona
1178 764 1334 801 multiplici
1347 765 1460 793 ratione
1476 774 1482 793 ε
1499 765 1596 801 primo
1611 766 1736 802 scilicet,
1751 770 1782 795 ut

999 819 1053 848 per
1071 808 1133 839 haec
1154 813 1267 848 septem
1288 811 1474 848 expellantur
1492 812 1564 840 vitia
1586 815 1718 850 septem,
1743 814 1783 842 ita

1001 858 1111 886 scilicet
1137 860 1170 886 ut
1197 859 1286 887 timor
1313 858 1442 894 expellat
1468 859 1641 896 superbiam
1655 882 1665 895 ,
1689 861 1783 897 pietas

1001 905 1164 940 invidiam,
1187 905 1308 933 scientia
1327 906 1419 941 iram,
1441 914 1507 942 quae
1531 908 1573 934 est
1597 907 1681 943 quasi
1703 915 1783 943 quae-

1002 952 1073 980 dam
1101 951 1217 980 insania
1225 962 1233 987 3
1259 951 1404 980 fortitudo
1439 953 1591 988 acediam,
1627 953 1783 981 consilium

1002 998 1176 1034 avaritiam,
1200 998 1366 1027 intellectus
1388 999 1509 1035 gulam,
1532 1000 1676 1036 sapientia
1696 1000 1783 1029 luxu-

1002 1053 1090 1073 nam.

1039 1092 1175 1121 Secundo
1191 1092 1330 1120 dicuntur
1349 1101 1412 1120 esse
1434 1095 1546 1130 septem
1563 1094 1644 1122 dona
1663 1097 1785 1130 propter

1003 1139 1205 1175 expediendas
1218 1139 1297 1166 vires
1310 1140 1469 1168 naturales.
1486 1141 1558 1168 Nam
1573 1141 1728 1169 irascibilis
1742 1141 1785 1169 in-

1004 1185 1084 1220 diget
1103 1185 1235 1222 expediri
1255 1188 1316 1213 tam
1340 1186 1371 1214 in
1392 1187 1544 1223 prosperis
1566 1195 1658 1223 quam
1681 1188 1711 1215 in
1734 1188 1786 1215 ad-

1004 1232 1096 1260 versis
1112 1241 1119 1259 :
1142 1232 1173 1259 in
1196 1232 1365 1268 prosperis,
1381 1233 1504 1268 quidem
1521 1241 1574 1269 per
1588 1234 1740 1269 timorem,
1755 1234 1785 1262 in

1004 1279 1136 1306 adversis
1159 1280 1258 1306 autem
1281 1287 1336 1315 per
1356 1279 1570 1307 fortitudinem.
1597 1281 1786 1316 concupisci-

1003 1325 1073 1354 bilis
1085 1325 1198 1360 indiget
1212 1326 1345 1361 expediri
1361 1328 1508 1362 quantum
1523 1326 1562 1354 ad
1578 1326 1717 1354 affectum
1730 1335 1786 1355 res-

1004 1373 1092 1408 pectu
1106 1372 1251 1407 proximi,
1268 1373 1350 1408 quod
1366 1372 1398 1400 fit
1412 1381 1466 1408 per
1480 1373 1618 1409 pietatem
1624 1383 1632 1409 3
1650 1376 1677 1402 et
1692 1381 1787 1409 quan-

1005 1421 1068 1446 tum
1094 1418 1133 1446 ad
1158 1418 1297 1446 affectum
1321 1422 1456 1455 respectu
1480 1419 1547 1454 Dei,
1573 1420 1655 1456 quod
1678 1420 1710 1448 fit
1734 1429 1788 1456 per

1006 1467 1125 1500 gustum
1147 1465 1308 1500 sapientiae.
1334 1466 1496 1493 Rationalis
1525 1474 1646 1502 quoque
1675 1466 1788 1502 indiget

1006 1511 1140 1547 expediri
1161 1512 1191 1538 in
1205 1512 1334 1539 veritatis
1349 1512 1571 1548 speculatione,
1588 1513 1670 1549 quod
1685 1513 1717 1541 fit
1734 1521 1788 1549 per

1007 1558 1122 1585 donum
1133 1558 1315 1593 intellectus;
1329 1561 1357 1586 et
1371 1559 1402 1585 in
1415 1559 1478 1586 veri
1493 1559 1648 1592 electione,
1658 1559 1741 1595 quod
1756 1559 1788 1587 fit

1006 1612 1059 1640 per
1074 1604 1231 1632 consilium
1240 1613 1249 1639 3
1264 1606 1352 1640 atque
1366 1604 1398 1632 in
1412 1605 1495 1632 electi
1507 1605 1690 1640 executione,
1705 1606 1787 1641 quod

1006 1651 1039 1679 fit
1057 1659 1111 1687 per
1129 1651 1244 1678 donum
1265 1651 1400 1679 scientiae.
1417 1653 1470 1679 Per
1490 1652 1547 1679 hoc
1572 1652 1651 1679 enim
1674 1652 1788 1680 donum

1006 1700 1084 1726 recte
1102 1705 1314 1725 conversamur
1328 1698 1359 1725 in
1373 1698 1475 1726 medio
1498 1697 1628 1726 nationis
1647 1707 1747 1735 pravae
1762 1702 1789 1727 et

1006 1752 1162 1780 perversae.

1043 1791 1138 1819 Tertio
1163 1791 1301 1818 dicuntur
1323 1799 1385 1819 esse
1410 1795 1522 1828 septem
1548 1791 1642 1826 dona,
1669 1794 1789 1828 propter

1007 1838 1141 1873 regimen
1157 1838 1258 1865 activae
1273 1840 1302 1865 et
1316 1838 1553 1874 contemplativae
1566 1838 1641 1866 vitae.
1655 1841 1790 1867 Contem-

1008 1885 1119 1921 plativa
1140 1885 1289 1921 siquidem
1309 1886 1363 1913 tria
1381 1886 1462 1913 dona
1483 1886 1570 1914 debet
1590 1887 1718 1922 habere,
1738 1888 1790 1914 sci-

1007 1932 1076 1959 licet
1089 1932 1226 1959 timorem
1242 1932 1280 1959 ad
1300 1933 1498 1960 reverentiam
1514 1934 1691 1968 maiestatis,
1705 1934 1790 1961 intel-

1008 1978 1118 2006 lectum
1137 1979 1176 2006 ad
1198 1978 1424 2014 intelligentiam
1449 1980 1595 2014 veritatis,
1617 1980 1791 2016 sapientiam

1010 2025 1048 2052 ad
1064 2027 1182 2060 gustum
1196 2025 1466 2053 bonitatis-Aoum
1477 2035 1549 2054 vero
1564 2027 1625 2054 vita
1641 2027 1729 2054 debet
1742 2027 1792 2054 ha-

1009 2071 1080 2098 bere
1111 2071 1251 2106 pietatem
1276 2072 1315 2098 ad
1335 2073 1497 2107 agendum,
1524 2073 1727 2101 fortitudinem
1752 2073 1791 2101 ad

1012 2117 1229 2152 sustinendum,
1244 2118 1395 2146 scientiam
1406 2119 1445 2146 ad
1457 2119 1651 2147 directionem
1665 2120 1791 2155 pietatiS,

1012 2163 1169 2190 consilium
1184 2163 1223 2191 ad
1242 2163 1437 2192 directionem
1457 2165 1646 2194 fortitudinis.
1665 2166 1791 2195 Plurima

1012 2217 1084 2245 ergo
1099 2209 1179 2238 dona
1194 2212 1261 2238 sunt
1275 2210 1314 2238 ad
1329 2211 1511 2239 intellectum
1526 2214 1703 2248 spectantia,
1720 2213 1791 2250 quia

1011 2255 1063 2283 lux
1078 2256 1254 2291 cognitionis
1273 2257 1400 2285 multum
1422 2259 1542 2295 expedit
1559 2259 1598 2287 ad
1619 2260 1791 2296 dirigendos

1012 2303 1103 2339 pedes
1116 2306 1231 2331 nostros
1247 2304 1277 2332 iu
1291 2305 1372 2333 viam
1386 2308 1506 2334 rectam.
1523 2309 1644 2344 Propter
1654 2309 1790 2337 eamdem

1013 2358 1133 2378 causam
1158 2350 1192 2378 fit
1219 2351 1367 2380 donorum
1395 2354 1595 2390 combinatio,
1625 2355 1679 2383 ubi
1707 2356 1791 2392 quasi

1013 2405 1131 2433 semper
1146 2398 1318 2433 adjungitur
1333 2407 1426 2427 unum
1442 2400 1617 2429 directivum
1633 2410 1700 2430 cum
1715 2403 1788 2439 alio,

1014 2444 1097 2479 quod
1111 2446 1223 2480 spectat
1237 2445 1276 2472 ad
1290 2446 1436 2474 actionem
1451 2447 1499 2474 vel
1514 2448 1692 2482 passionem.
1710 2450 1790 2478 Und'e

1013 2491 1184 2526 Gregorius,
1202 2499 1283 2527 super
1296 2494 1472 2526 Ezechielem,
1490 2494 1574 2530 dicit,
1591 2497 1675 2532 quod
1689 2505 1791 2525 sumus

1013 2545 1067 2573 per
1080 2538 1255 2574 sapientiam
1269 2539 1389 2574 maturi,
1399 2548 1453 2576 per
1465 2541 1646 2570 intellectum
1659 2544 1788 2580 providi,

1013 2592 1068 2620 per
1081 2585 1238 2613 consilium
1257 2586 1351 2621 cauti,
1366 2594 1419 2623 per
1436 2587 1638 2617 fortitudinem
1653 2591 1788 2626 animosi,

1013 2638 1067 2666 per
1080 2631 1234 2659 scientiam
1248 2632 1380 2667 discreti,
1402 2641 1455 2669 per
1473 2634 1612 2670 pietatem
1625 2637 1791 2665 misericor-

1015 2677 1085 2711 des,
1098 2686 1152 2713 per
1167 2678 1303 2706 timorem
1318 2679 1454 2707 humiles.
