2004 3037
118 2263 215 2287 Quutuor

111 2289 214 2309 similitu>

110 2321 173 2342 dines
191 2321 214 2340 fi-

111 2352 146 2373 dei
169 2358 218 2372 con·

111 2385 214 2411 gruentes

212 203 272 233 330

211 271 258 305 fiet
279 270 342 303 illi,
363 269 412 304 qui
432 275 486 296 non
509 269 606 303 feeerit
627 267 853 296 misericordiam.
877 269 988 303 Quarto

175 304 180 311 ¹
212 317 313 345 movet
326 323 380 343 nos
393 314 564 351 praemium,
577 314 661 351 quod
673 315 706 343 in
720 314 796 343 eoelo
811 315 988 352 acquiritur3

213 362 293 391 unde
308 361 414 391 dieitur
423 362 432 379 ¹
444 371 452 390 ι
466 363 548 390 Beati
557 361 758 398 misericordes,
775 364 920 398 quoniam,
933 364 987 390 ete.

447 455 758 490 CAPUTIV.

469 530 506 556 De
520 527 737 556 Mans-uetudine.

251 601 377 629 octavus
390 598 502 626 fructus
517 599 559 626 est
574 597 684 626 fructus
695 596 942 631 mansuetudinis,
955 595 992 624 de

215 655 276 684 quo
288 654 379 683 supra
392 645 505 674 dictum
516 647 560 674 est
573 645 603 674 in
615 647 738 674 tractatu
760 645 792 672 de
806 645 994 672 Beatitudini-

216 694 277 726 bus,
293 693 325 721 in
339 701 404 729 cap.
416 693 449 721 de
463 693 617 720 Mititate².
632 692 701 721 ldeo
713 692 751 720 de
761 693 825 729 ipsa
833 699 941 728 parum
952 693 994 719 est

214 740 263 769 hio
275 740 452 775 dicendum3
470 742 498 768 et
511 740 640 768 breviter
653 741 695 768 est
707 739 874 767 notandum
884 760 893 774 ,
909 737 994 774 quod

216 787 362 816 mansueti
381 787 489 815 clarius
504 787 541 823 (a)
556 786 764 822 informantur,
779 786 875 814 rarius
894 785 994 821 impu—

216 837 356 871 gnantur,
364 834 450 862 altius
458 834 623 868 elevantur,
632 833 796 870 etamplius
802 833 992 860 venerantur.

216 882 313 911 Primo
332 881 421 917 igitur
435 881 582 909 mansueti
596 880 704 908 elarius
720 880 756 916 (a)
772 879 970 907 informantur
985 888 994 906 ε

217 929 387 965 exemplum
402 928 439 956 de
460 927 613 964 discipulis
619 937 628 962 ;
649 926 729 954 unde
751 925 879 954 Jacobus
898 925 929 953 in
944 933 994 953 ea-

216 975 410 1012 nonieazdieit
420 976 430 992 ³
445 983 452 1002 :
467 977 499 1003 1η
514 973 719 1002 mansuetudine
733 974 863 1008 suscipite
880 973 994 1000 insitum

216 1023 334 1051 verbum.
350 1022 486 1050 Secundo
497 1021 643 1048 mansueti
654 1020 750 1048 rarius
760 1020 974 1056 impugnantur
987 1028 994 1047 :

217 1070 292 1097 sieut
316 1069 396 1097 enim
419 1068 557 1096 videmus
579 1067 792 1102 communiter,
821 1066 905 1103 quod
935 1074 996 1094 non

217 1117 431 1153 impugnantur
445 1115 501 1142 nisi
517 1117 610 1142 castra
625 1114 698 1149 alta,
715 1116 743 1142 et
758 1113 847 1142 altius
863 1113 994 1148 elevata;

217 1163 259 1191 sic
272 1163 360 1191 etiam
377 1161 523 1196 videmus,
539 1161 622 1198 quod
636 1161 684 1189 leo
700 1163 727 1189 et
743 1161 824 1188 canis
840 1168 901 1188 non
916 1161 997 1188 inva-

219 1210 293 1238 dunt
311 1209 480 1244 hominem,
501 1209 524 1236 si
542 1208 694 1236 inveniant
713 1208 810 1244 ipsum
828 1208 996 1243 jacentem,

218 1256 266 1285 vel
289 1256 442 1284 sedentem
465 1263 554 1292 super
574 1258 693 1283 terram.
715 1255 795 1282 Unde
821 1255 927 1282 dicitur
952 1254 962 1270 ⁸
989 1263 996 1282 :

219 1305 358 1332 Mansuete*
368 1303 569 1331 haereditabunt
585 1306 696 1335 terram,
707 1305 731 1330 et
747 1302 952 1329 delectabuntur
968 1302 998 1328 in

219 1351 397 1379 multitudine
418 1351 503 1385 pacis.
521 1349 615 1377 Tertio
631 1349 718 1377 altius
739 1348 902 1383 elevantur,
925 1347 999 1375 sicut

220 1399 300 1435 patet
321 1397 358 1425 de
377 1396 504 1430 Christo,
521 1396 573 1432 qui
587 1397 597 1412 ⁵
613 1397 687 1424 venit
702 1396 738 1423 acl
753 1404 800 1424 nos
821 1398 998 1426 mansuetus,-

221 1445 295 1473 sieut
309 1446 389 1481 patet
403 1444 440 1472 de
460 1446 489 1472 13.
507 1443 643 1479 Virgine,
665 1445 692 1471 et
705 1443 806 1470 multis
821 1443 896 1470 aliis.
919 1441 998 1469 Unde

222 1492 327 1521 dicitur
339 1493 350 1509 ⁸
365 1501 371 1519 ι
387 1492 507 1526 Exurqct
523 1490 670 1525 injudicio
685 1491 755 1517 Deus
766 1510 775 1524 ‚
797 1493 827 1517 ut
842 1490 926 1517 salvet
943 1498 1000 1516 om-

221 1548 266 1567 nes
286 1542 438 1566 mansuetos
462 1541 550 1565 terroe.
576 1538 684 1571 Quarto
708 1536 852 1564 mansueti
873 1536 1001 1572 amplius

221 1587 406 1614 honorantur
432 1594 437 1612 :
459 1584 631 1621 exemplum
656 1584 801 1612 habemus
828 1592 846 1611 a
866 1583 978 1612 Christo
993 1604 1001 1618 ,

222 1633 275 1670 qui
290 1633 348 1661 ait⁷
365 1642 370 1660 :
388 1633 515 1660 Recumbe
529 1633 559 1659 in
574 1633 728 1665 novissimo,
745 1633 797 1658 ete.
818 1632 849 1658 Et
864 1630 956 1659 David
970 1630 998 1657 ⁸:

222 1681 376 1717 suscipiens
390 1681 520 1707 Dominus
533 1681 685 1706 mansuetos
696 1699 705 1713 ,
721 1680 774 1706 etc.

474 1773 667 1807 CAPUT
708 1773 751 1806 V

546 1847 583 1872 De
606 1844 680 1872 Fide.

261 1919 359 1945 Nonus
374 1916 482 1944 fruetus
497 1916 540 1942 est
552 1914 642 1947 fides,
658 1913 694 1941 de
711 1921 771 1949 qua
787 1912 899 1940 dictum
915 1914 956 1939 est
972 1911 1003 1938 in

227 1965 349 1993 tractatu
374 1964 405 1990 de
438 1963 604 1995 Virtutibus,
622 1961 652 1988 in
674 1960 768 1996 capite
789 1960 822 1987 de
840 1959 907 1986 Fide
927 1959 946 1985 ⁹.
974 1960 1005 1985 Et

227 2011 295 2039 ideo
310 2010 383 2038 nihil
408 2009 490 2038 aliud
512 2011 554 2037 est
575 2008 622 2036 hic
644 2007 825 2040 dicendum,
842 2006 897 2033 nisi
921 2005 1006 2041 quod

227 2059 301 2086 fides
316 2060 358 2086 est
373 2057 447 2084 sieut
469 2056 696 2084 fundamentum
718 2054 756 2082 ad
781 2052 1004 2085 sustinendum,

227 2107 300 2134 sieut
315 2107 464 2134 armatura
477 2104 515 2131 ad
531 2102 721 2131 evadendum
733 2123 741 2135 ,
758 2101 835 2128 sicut
851 2108 1007 2135 argumen-

229 2157 290 2181 tum
306 2152 344 2180 ad
359 2150 620 2184 concludendum,
637 2152 664 2177 et
684 2148 757 2176 sient
779 2148 1007 2175 instrumentum

229 2200 267 2228 ad
283 2199 516 2227 ascendendum.

265 2247 360 2274 Primo
378 2246 464 2281 igitur
479 2244 552 2271 tides
568 2246 609 2271 est
623 2243 697 2270 sicut
719 2241 947 2269 fundamentum
968 2239 1007 2267 ad

231 2293 445 2320 sustinendum.
457 2292 534 2319 Sicut
545 2290 624 2318 enim
637 2289 775 2317 videmus
791 2288 874 2324 quod
890 2290 1005 2321 natura,

233 2340 354 2376 quando
371 2339 433 2366 vult
447 2338 611 2374 producere
628 2337 759 2372 plantam
770 2357 778 2369 ,
805 2335 902 2370 primo
925 2334 1009 2369 ponit

234 2387 365 2415 radicem
381 2396 387 2420 ;
417 2385 549 2412 similiter
573 2383 694 2419 quando
725 2381 912 2409 domitieator
940 2381 1009 2408 facit

235 2435 377 2467 domum,
392 2433 489 2468 primo
505 2431 588 2467 ponit
607 2429 833 2457 fundamentum
849 2437 855 2455 ε
877 2428 1009 2455 similiter

234 2483 263 2509 in
278 2481 461 2515 moralibus,
484 2479 507 2506 si
529 2478 637 2514 aliquis
657 2477 743 2518 vellet
764 2477 911 2503 ceditieare
928 2476 1010 2503 bona

267 2569 274 2584 ¹
288 2567 390 2595 Manu„
406 2572 430 2595 v,
445 2568 468 2590 Ἴ.
481 2579 511 2583 -
525 2566 534 2580 ‘2
549 2566 824 2595 sup.,m.v-1,e.11‚
843 2562 969 2591 1›a;;.1317.
982 2574 1012 2578 —

234 2604 242 2618 ³
257 2604 351 2633 111¹·.,t,
367 2606 438 2627 21.-
451 2602 460 2618 ⁴
472 2601 538 2625 Psal.
557 2606 645 2627 xxxii,
662 2600 730 2622 12.-
744 2599 750 2611 ⁵
765 2597 865 2626 Atatem,
882 2603 938 2626 AM,
955 2598 1011 2619 5.-

235 2640 243 2653 ⁶
255 2640 322 2663 Pval.
334 2645 395 2669 Lxx,
414 2640 481 2662 10.—
491 2638 500 2653 '¹
514 2637 730 2665 Luc.,x1v,10.—
743 2633 753 2649 ⁸
766 2633 832 2657 Psal.
851 2638 938 2662 curi,
952 2634 1009 2655 6.-

235 2675 245 2690 .
260 2677 332 2706 sup„
347 2675 383 2699 tit.
401 2680 424 2704 ν,
440 2681 461 2698 c.
479 2679 518 2704 ιιι,
533 2679 591 2703 pag.
607 2672 651 2695 2³23
663 2673 687 2695 et
698 2677 785 2700 se11.—
803 2670 819 2685 ¹⁰
836 2668 939 2697 Mami„
957 2674 988 2691 xv
996 2673 1011 2697 1,

732 199 890 243 ,nimai
911 199 1079 233 εΑιῐιΤιε
1100 201 1177 234 ΤιΤ.
1201 201 1283 234 vm.
1484 183 1485 186 ’
1612 205 1625 211 ·

1047 275 1155 306 opera,
1171 269 1261 298 debet
1275 277 1444 306 supponere
1457 269 1551 298 fidem
1559 291 1570 306 ,
1585 280 1652 309 quae
1665 267 1710 306 ρει
1721 276 1755 303 ιη
1767 283 1821 311 pe-

1045 318 1092 345 tra
1105 317 1264 346 durissima
1273 337 1282 352 ,
1299 319 1328 345 et
1340 317 1430 345 totius
1443 317 1606 354 spiritualis
1619 319 1738 350 aedifieii
1751 322 1819 351 fun-

1047 363 1230 392 damentum.
1246 365 1279 392 Et
1292 363 1362 392 ideo
1377 363 1452 392 dixit
1466 365 1608 394 Dominus
1623 367 1704 396 Petro
1714 367 1736 385 ¹⁰
1750 369 1821 397 :Su-

1044 419 1096 447 per
1118 411 1186 439 hanc
1206 413 1314 447 petram
1335 411 1473 446 oedifieabo
1498 413 1646 441 Ecclesiam
1670 422 1767 443 meum.
1790 416 1825 444 Et

1047 460 1134 492 nota,
1150 458 1234 494 quod
1247 457 1322 486 dixit
1335 466 1417 494 super
1431 459 1516 491 hanc,
1533 459 1605 495 quia
1620 461 1640 477 ¹¹
1658 461 1824 494 fundamen-

1049 507 1107 533 tum
1121 505 1200 533 aliud
1213 513 1289 533 nemo
1301 508 1389 540 potest
1401 513 1514 541 ponere,
1529 507 1586 534 nisi
1599 507 1671 535 illud
1685 507 1759 543 quod
1771 515 1824 544 po-

1047 553 1132 580 situm
1147 555 1203 584 est,
1218 552 1290 587 quod
1304 555 1343 580 est
1366 551 1489 580 Christus
1502 554 1593 585 Jesus,
1611 556 1644 581 ut
1661 554 1768 582 dicitur
1788 554 1826 582 ad

1049 600 1212 628 Corinthios.
1228 601 1260 627 Et
1277 599 1345 627 ideo
1360 599 1384 627 si
1400 599 1466 636 quis
1485 600 1612 629 aedificat
1623 622 1630 634 ‚
1647 609 1736 637 super
1749 601 1826 630 illud

1048 646 1276 675 fundamentum
1290 646 1433 682 aedificet,
1449 647 1521 683 quia
1545 647 1586 675 ait
1608 648 1766 684 Apostolus
1781 647 1802 666 ¹¹
1817 657 1824 677 :

1049 693 1113 721 Sine
1126 693 1179 728 fide
1192 693 1358 728 impossibile
1372 696 1411 721 est
1425 694 1531 728 placere
1545 696 1609 722 Deo.

1073 740 1207 770 Secundo
1218 740 1292 768 fides
1300 741 1343 768 est
1350 744 1568 770 armamentum
1576 742 1824 771 adevadendum:

1051 790 1094 816 est
1106 787 1185 815 enim
1199 787 1275 814 sicut
1292 789 1408 814 scutum
1423 787 1549 816 militare
1566 797 1573 816 :
1590 791 1704 816 scutum
1728 791 1827 817 autem

1051 834 1175 861 militare
1189 833 1279 861 habet
1297 833 1486 869 superficiem
1507 837 1535 862 et
1552 837 1609 862 tres
1629 835 1772 871 angulos,
1801 838 1830 864 et

1050 882 1185 918 portatur
1200 889 1218 908 a
1233 882 1315 917 parte
1335 880 1451 908 sinistra
1474 883 1578 909 contra
1601 881 1807 910 adversarium
1818 904 1826 915 .

1052 929 1112 955 eta
1127 929 1209 964 parte
1232 927 1331 955 cordis
1355 927 1394 956 ad
1413 927 1632 964 protegendum
1655 928 1773 965 ipsum3
1802 930 1830 957 et

1051 975 1165 1003 ratione
1179 974 1255 1009 signi
1269 974 1360 1002 habet
1373 978 1582 1011 repraesentare
1597 976 1707 1004 Deum:
1724 976 1765 1004 sic
1781 984 1831 1004 ve-

1052 1030 1086 1050 ra
1099 1021 1175 1050 fides
1189 1021 1334 1050 catholica
1348 1024 1390 1049 est
1404 1021 1443 1049 ad
1463 1021 1671 1058 repellendum
1691 1022 1830 1051 adversa-

1051 1069 1149 1103 rium,
1174 1077 1242 1096 eum
1266 1068 1359 1096 tribus
1382 1069 1526 1104 catervis3
1553 1068 1593 1097 ad
1613 1069 1830 1105 protegendum

1053 1115 1197 1150 animum,
1213 1123 1281 1143 cum
1298 1115 1390 1143 tribus
1404 1115 1558 1151 potentiis‚·
1575 1116 1612 1143 ad
1627 1116 1831 1144 confitendum

1055 1165 1144 1191 tieum
1160 1163 1189 1190 in
1204 1162 1298 1190 tribus
1312 1163 1456 1199 personis.
1466 1162 1547 1191 Unde
1563 1163 1605 1191 ait
1619 1163 1775 1200 Apostolus
1785 1163 1807 1181 ¹³
1823 1172 1829 1191 ε

1053 1211 1085 1238 In
1097 1211 1218 1237 omnibus
1233 1213 1365 1237 sumentes
1379 1212 1485 1237 sculum
1500 1209 1565 1244 fidei
1575 1230 1582 1244 ,
1599 1212 1654 1237 etc.

1089 1257 1183 1285 Tertio
1196 1256 1272 1284 fides
1287 1259 1329 1284 est
1343 1257 1419 1284 sicut
1432 1259 1642 1292 argumentum
1657 1256 1697 1284 ad
1711 1256 1833 1285 conclu·

1055 1304 1189 1333 dendum
1206 1313 1212 1331 ι
1231 1311 1293 1331 non
1310 1303 1384 1331 sicut
1398 1306 1608 1339 argumentum
1623 1303 1831 1338 dialecticum,

1055 1351 1138 1388 quod
1153 1351 1288 1387 procedit
1302 1358 1337 1378 ex
1352 1350 1579 1393 prqbabilihu53
1595 1353 1646 1379 eut
1659 1350 1733 1378 sieut
1747 1358 1834 1386 argu-

1055 1400 1189 1426 mentum
1204 1397 1394 1433 tentativum,
1408 1397 1491 1434 quod
1506 1397 1641 1433 procedit
1655 1406 1690 1426 ex
1706 1397 1752 1425 his
1768 1405 1834 1434 quae

1055 1445 1194 1474 videntur
1211 1444 1396 1481 probabilia,
1424 1447 1451 1472 et
1475 1452 1537 1472 non
1563 1447 1646 1480 sunt;
1672 1444 1726 1473 sed
1749 1452 1835 1481 argu-

1056 1496 1189 1521 mentum
1204 1492 1414 1528 apodicticum,
1430 1491 1461 1519 id
1471 1494 1524 1525 est,
1537 1491 1646 1520 faciens
1661 1492 1744 1520 scire.
1760 1495 1836 1521 Nun-

1057 1548 1148 1576 quam
1163 1539 1243 1567 enim
1257 1538 1365 1574 aliquis
1380 1538 1498 1574 sapiens
1511 1546 1563 1574 per
1578 1547 1663 1566 suam
1682 1538 1835 1566 seientiam

1056 1587 1153 1624 potuit
1166 1585 1319 1622 pervenire
1332 1585 1371 1613 ad
1387 1587 1497 1613 tantam
1513 1585 1665 1613 seientiam
1680 1585 1716 1613 de
1734 1587 1791 1613 Deo
1809 1587 1837 1614 et

1058 1633 1215 1668 creaturis,
1232 1632 1269 1660 ad
1295 1635 1438 1668 quantam
1457 1632 1536 1660 venit
1556 1632 1683 1668 simplex
1709 1632 1837 1668 piscator
1856 1643 1861 1648 ·

1058 1684 1176 1715 Petrus,
1201 1689 1269 1708 eum
1291 1680 1364 1708 dixit
1376 1680 1415 1708 ¹³:
1442 1681 1480 1708 Tu
1500 1688 1526 1708 cs
1544 1680 1680 1713 Christus,
1695 1681 1768 1714 filius
1787 1680 1837 1706 Dei

1058 1731 1125 1756 vivi.
1141 1728 1221 1756 Unde
1234 1735 1287 1763 per
1299 1727 1377 1754 istud
1392 1727 1603 1761 argumentum
1619 1726 1762 1762 probatur
1774 1725 1837 1752 uni-

1058 1778 1102 1804 tas
1117 1775 1224 1802 divinae
1239 1773 1386 1807 essentioe,
1404 1773 1517 1800 trinitas
1532 1779 1745 1808 personarum,
1770 1771 1836 1799 uni—

1059 1825 1102 1850 tas
1116 1821 1219 1858 primae
1234 1828 1344 1853 causae,
1361 1822 1388 1847 et
1403 1819 1604 1855 multiplicitas
1619 1821 1836 1852 creaturarum,

1058 1869 1152 1905 pietas
1175 1867 1406 1901 misericordiffl,
1430 1865 1628 1902 multiplicitas
1659 1865 1836 1901 gratiarum,

1060 1918 1087 1944 et
1100 1915 1193 1943 multa
1205 1914 1264 1942 alia
1278 1913 1406 1941 Christus
1418 1915 1446 1940 et
1461 1913 1485 1948 ej
1492 1921 1525 1940 us
1539 1912 1677 1948 discipuli
1691 1920 1745 1948 per
1760 1911 1839 1939 istud

1060 1964 1269 1998 argumentum
1284 1960 1538 1988 demonstrabant.
1556 1962 1628 1987 Nam
1637 1967 1690 1995 per
1701 1958 1779 1986 istud
1792 1966 1838 1986 ar-

1062 2011 1237 2045 gumentum
1252 2007 1397 2044 probatur
1412 2006 1642 2033 demonstrative
1660 2005 1838 2033 illuminatio

1061 2063 1208 2083 caecorum
1218 2074 1227 2088 ‚
1242 2053 1411 2082 rectificatio
1430 2053 1608 2080 claudorum
1618 2073 1624 2085 ‚
1642 2051 1759 2079 auditus
1774 2059 1838 2079 sur-

1062 2103 1181 2136 dorum,
1197 2101 1306 2129 locutio
1323 2102 1473 2127 mutorum
1486 2120 1493 2133 ,
1510 2099 1616 2127 erectio
1630 2099 1690 2126 sive
1707 2098 1838 2126 extensio

1062 2149 1227 2182 aridorum,
1243 2151 1270 2176 et
1285 2147 1433 2175 suseititio
1449 2148 1646 2174 mortuorum.
1664 2146 1696 2172 Et
1709 2144 1779 2172 ideo
1796 2144 1839 2172 di-

1063 2196 1147 2223 cebat
1164 2195 1290 2223 christus
1307 2195 1325 2211 ¹⁵
1344 2203 1350 2221 ε
1371 2195 1401 2221 St
1415 2202 1496 2228 opt-ra
1516 2202 1567 2220 nun
1587 2194 1708 2225 fecissem
1733 2193 1762 2218 1⁴11¹
1784 2193 1838 2221 eis,

1062 2251 1121 2277 quoe
1136 2250 1210 2269 nemo
1232 2242 1303 2268 alius
1326 2242 1404 2273 serit,
1425 2243 1563 2274 peccalum
1581 2247 1633 2266 non
1652 2238 1788 2265 haberent.
1809 2238 1841 2263 Et

1063 2290 1131 2317 ideo
1156 2288 1259 2316 volens
1277 2287 1434 2323 Apostolus
1454 2286 1581 2314 diffinire
1598 2285 1689 2312 tidem
1706 2305 1713 2318 ,
1735 2283 1773 2310 ait
1789 2282 1808 2298 ¹⁶
1832 2291 1838 2309 :

1063 2337 1142 2363 Fides
1163 2339 1201 2363 est
1224 2335 1378 2362 substantia
1399 2342 1486 2361 rerum
1508 2332 1727 2369 sperandarum,
1754 2338 1839 2364 arqu-

1064 2386 1171 2418 qentum
1186 2391 1237 2409 non
1252 2383 1457 2417 apparentium.

1100 2432 1218 2463 Quarto,
1230 2428 1304 2455 fides
1315 2430 1356 2455 est
1370 2428 1443 2454 sicut
1459 2427 1683 2454 ius-trumentum
1699 2423 1738 2451 ad
1755 2430 1841 2450 scan-

1066 2477 1208 2504 dendum.
1224 2475 1359 2502 Videmus
1372 2474 1450 2501 enim
1461 2473 1544 2509 quod
1556 2471 1725 2499 naturaliter
1740 2471 1840 2497 omnis

1065 2532 1111 2552 res
1125 2523 1214 2551 habet
1228 2522 1327 2550 locum
1340 2521 1494 2557 proprium
1508 2519 1547 2547 ad
1562 2526 1652 2554 quem
1664 2518 1838 2545 naturaliter

1067 2592 1555 2626 18.—·¹1Cor.,111‚11.—¹²Hebr.,
1573 2597 1608 2621 xi,
1623 2593 1646 2615 ὃ.
1658 2605 1688 2609 -
1704 2592 1720 2608 '³
1734 2591 1842 2622 Ephes„

1067 2640 1105 2664 vi,
1122 2635 1159 2657 16.
1175 2646 1205 2651 —
1227 2633 1245 2649 ¹⁵
1265 2632 1366 2660 Metui„
1384 2637 1442 2660 xvr,
1464 2631 1499 2653 16.
1513 2643 1539 2647 -
1560 2629 1579 2645 ¹³
1597 2629 1680 2658 Joan„
1696 2633 1738 2658 xv,
1753 2629 1792 2653 22.
1807 2639 1837 2645 —-

1069 2670 1085 2686 ’ὓ
1099 2669 1185 2700 Helm,
1200 2675 1235 2699 si,
1252 2671 1270 2693 1.
1288 2681 1317 2685 —
1333 2670 1364 2697 (a)
1381 2667 1454 2690 For-te
1469 2664 1601 2695 leqemlum
1614 2663 1728 2688 eburius.
