2004 3037
899 273 1029 309 CAPUT
1050 265 1086 308 1'..
1745 279 1805 318 54²1

182 343 286 380 tuat-ii,
305 343 404 374 delata
426 343 459 374 in
477 343 625 381 templum
647 342 820 373 solemniter
840 343 964 373 dedica-

181 393 256 420 tum.
270 392 292 420 11
309 392 388 428 Rea„
402 399 464 422 vm.

217 439 419 475 congregatus
433 440 476 468 est
488 438 637 476 populus,
653 437 740 475 quasi
751 437 799 466 vir
815 444 912 473 unus,
935 438 966 465 in

181 486 382 521 Hierusalem,
397 487 437 515 ad
450 485 664 515 aedificandum
682 484 793 514 scilicet
806 484 966 520 templum,

182 533 266 569 quod
297 532 394 562 fuerat
420 542 438 562 a
473 541 543 569 rege
575 531 737 569 Babylonis
770 531 963 560 destructum.

183 581 192 608 1
207 580 302 615 Esdr„
316 588 349 616 11,
364 581 410 609 64.

222 637 235 653 α
247 628 449 663 congregatus
474 627 517 654 est
532 626 630 655 omnis
651 625 784 662 populus
792 645 802 660 ,
817 625 905 662 quasi
921 625 966 654 vir

182 681 272 709 unus,
287 674 327 703 ad
339 674 488 710 plateam,
502 675 530 701 et
545 673 685 702 dixerunt
699 673 812 707 Esdrae,
830 674 863 700 ut
877 672 965 701 affer-

182 723 227 749 ret
239 721 352 749 librum
364 721 439 757 legis
453 720 556 757 Moysi,
569 731 581 746 υ
599 722 655 748 etc.
669 720 793 755 Nehem„
807 727 869 754 vui,
885 721 910 748 ¹.

222 769 316 797 «Cum
330 768 516 804 exposuisset
527 767 634 796 Achior
643 767 784 797 universa
796 767 873 803 (quse
885 766 968 795 dixe-

181 816 227 844 rat
248 815 456 852 Holopherni),
478 815 576 843 omnis
594 814 725 850 populus
749 813 904 842 communi
925 813 968 842 la-

183 863 364 891 mentatione
379 864 407 890 et
420 862 491 890 fletu
504 862 662 891 unanimes
670 869 773 898 preces
785 869 854 890 suas
868 861 968 890 Domi-

184 916 224 937 no
236 908 415 938 effuderunt.
428 920 442 936 »
459 910 569 945 Judith,
584 916 624 944 vr,
639 910 684 938 14.

220 957 287 984 Post
309 959 438 985 mortem
460 957 542 985 Judae
570 956 744 992 congregati
771 957 839 984 sunt
863 963 968 984 omnes

184 1003 273 1032 amici
288 1004 362 1040 ejus,
378 1006 406 1033 et
419 1004 558 1033 dixerunt
571 1004 703 1032 Jonathae
719 1012 726 1031 ε
747 1012 761 1030 «
775 1004 818 1031 Ex
832 1011 894 1039 quo
909 1003 969 1031 fra-

183 1052 228 1079 ter
245 1054 314 1079 tuus
334 1051 490 1079 defunctus
513 1054 572 1086 est,
589 1060 603 1078 ¹)
621 1053 676 1079 etc.
697 1060 710 1076 α
727 1052 810 1079 Nunc
825 1050 925 1086 itaque
940 1051 968 1079 te

184 1098 322 1134 eligimus
336 1098 428 1126 hodie
443 1106 498 1134 pro
515 1106 550 1126 eo
567 1105 629 1126 esse
643 1097 732 1125 nobis
746 1097 926 1133 principem,
941 1098 969 1126 et

184 1145 293 1173 ducem
305 1145 344 1174 ab
357 1145 537 1173 bellandum
549 1144 665 1173 bellum
677 1146 824 1173 nostrum.
840 1146 849 1173 1
863 1145 968 1181 Mach„

183 1199 225 1229 ιι,
239 1193 275 1221 29
291 1194 318 1220 et
333 1200 396 1228 seq.

219 1239 334 1268 Auditis
348 1239 539 1268 sermonibus
552 1239 679 1268 Simonis
694 1247 836 1267 accensus
852 1241 895 1267 est
909 1239 970 1276 spi-

184 1287 258 1314 ritus
276 1286 382 1323 populi
403 1286 507 1322 simul,
529 1288 557 1314 et
574 1294 649 1315 voce
669 1294 781 1322 magna
800 1285 940 1315 dixerunt
960 1296 968 1315 :

188 1343 202 1360 «
211 1335 253 1362 Tu
265 1341 296 1362 es
312 1333 375 1361 dux
389 1336 490 1362 noster
504 1333 574 1363 loco
588 1333 672 1362 Judae
687 1336 715 1362 et
727 1333 860 1362 Jonathae
872 1334 970 1363 fratris

185 1381 238 1409 tui.
253 1390 268 1408 »
284 1382 295 1409 l
309 1381 412 1416 Mach„
427 1388 489 1416 xm,
504 1382 531 1409 8.

222 1429 289 1456 Post
302 1428 507 1456 ascensionem
522 1428 656 1463 Domini,
674 1438 687 1454 «
702 1436 807 1456 omnes
830 1428 969 1464 discipuli

188 1477 272 1504 erant
283 1477 507 1511 perseverantes
519 1475 701 1503 unanimiter
711 1476 742 1503 in
753 1475 887 1503 oratione
901 1483 969 1503 cum

185 1522 380 1557 mulieribus,
396 1525 424 1550 et
443 1524 537 1550 matre
556 1524 640 1558 Jesu,
656 1533 669 1548 »
687 1524 765 1555 Act„
780 1531 805 1558 1,
821 1525 869 1558 143
887 1524 914 1551 et
928 1523 970 1550 sic

185 1570 300 1599 invenit
313 1578 365 1598 eos
380 1570 502 1606 Spiritus
518 1573 635 1598 sanctus
645 1592 654 1605 ,
669 1570 747 1605 Act„
763 1577 803 1605 11,
819 1572 845 1598 1.
862 1571 970 1598 Omnes

185 1618 239 1654 qui
266 1617 445 1651 credebant,
470 1620 554 1645 erant
578 1617 706 1653 pariter,
721 1619 841 1653 recepto
861 1616 970 1652 Spiritu

186 1667 304 1698 sancto,
319 1666 348 1692 et
360 1665 514 1692 habebant
532 1665 634 1692 omnia
655 1664 846 1700 communia,
860 1664 968 1692 unani-

185 1711 273 1740 miter
286 1711 483 1748 perdurantes
495 1712 526 1739 in
541 1711 672 1748 templo,
687 1714 715 1739 et
729 1711 898 1748 frangentes
913 1711 969 1740 cir-

185 1767 220 1788 ca
236 1759 344 1787 domos
362 1767 482 1795 panem.
497 1759 575 1794 Act„
589 1767 624 1794 11,
640 1760 735 1794 44,46.

224 1816 238 1832 «
253 1808 327 1835 Cum
337 1807 508 1835 audissent»
523 1807 661 1844 discipuli
673 1807 710 1835 de
723 1807 876 1836 sanatione
888 1807 969 1836 clau-

185 1854 234 1889 di,
248 1856 275 1881 et
289 1854 484 1890 responsione
506 1855 581 1883 Petri
605 1857 633 1882 et
655 1854 777 1883 Joannjs
801 1854 843 1883 ad
861 1855 970 1891 magis-

187 1902 279 1929 tratus
294 1900 407 1936 plebis,
424 1910 438 1926 «
452 1901 632 1929 unanimiter
646 1901 822 1930 levaverunt
844 1909 968 1937 vocem,

187 1950 215 1976 et
243 1948 382 1976 dixerunt
411 1957 418 1975 ι
444 1948 567 1976 Domine
582 1969 590 1983 ,
619 1948 671 1984 qui
691 1948 784 1977 fecisti
809 1949 920 1977 coelum
942 1951 970 1977 et

186 1997 310 2028 terram,
326 2005 341 2022 »
359 1997 427 2030 etc„
442 1996 515 2030 Act„
532 2002 574 2030 iv,
589 1996 634 2023 24.

221 2041 332 2070 Punitis
345 2042 385 2070 ad
398 2049 506 2069 vocem
520 2041 595 2070 Petri
613 2041 782 2070 terribiliter
796 2042 909 2071 Anania
917 2063 926 2079 ‚
942 2044 971 2071 et

191 2089 317 2126 saphira
331 2098 425 2118 uxore
441 2090 518 2125 ejuS,
535 2100 550 2117 «
564 2090 658 2118 factus
674 2093 716 2118 est
733 2090 822 2118 timor
842 2099 970 2126 magnus

187 2138 218 2165 in
232 2137 370 2165 universa
393 2137 539 2172 Ecclesia,
555 2139 582 2165 et
605 2138 690 2165 erant
705 2145 809 2166 omnes
823 2138 970 2166 unanimi-

187 2187 230 2213 ter
245 2185 276 2212 in
289 2184 406 2220 porticu
418 2185 602 2220 Salomonis,
618 2195 632 2211 »
650 2187 717 2219 etc„
733 2186 808 2221 Act„
823 2193 854 2220 v,
869 2188 912 2221 11,
923 2186 968 2214 12.

222 2231 416 2260 Multitudinis
436 2232 622 2260 credentium
646 2235 709 2261 erat
731 2240 783 2261 cor
806 2241 901 2261 unum
916 2255 925 2268 ,
941 2235 970 2262 et

188 2279 288 2307 anima
303 2286 380 2312 una,
395 2287 451 2307 nec
473 2279 634 2316 quisquam
656 2288 776 2315 eorum,
794 2289 860 2317 quae
875 2280 970 2316 possi-

188 2325 297 2362 debat,
317 2325 432 2362 aliquid
456 2335 544 2355 suum
567 2335 630 2355 esse
654 2327 794 2363 dicebat,
818 2327 872 2356 sed
887 2330 970 2357 erant

187 2373 246 2401 illis
261 2373 363 2402 omnia
375 2375 564 2411 communia,
580 2376 656 2410 Act„
671 2383 713 2411 xv,
729 2375 774 2403 32.

469 2469 613 2504 CAPUT
644 2470 682 2505 L.

364 2544 403 2570 De
421 2542 568 2574 discordia,
591 2543 637 2570 lite
656 2543 699 2570 vel
717 2545 791 2571 rima.

224 2611 353 2640 Primam
367 2612 551 2640 discordiam
564 2612 640 2640 inter
653 2612 791 2641 homines
806 2614 900 2642 movit
923 2615 969 2642 in·

188 2658 285 2694 vidia,
309 2659 385 2687 inter
411 2660 482 2687 Cain
509 2659 619 2687 scilicet
648 2662 675 2687 et
698 2661 787 2697 Abel,
818 2661 898 2697 Gen„
914 2670 968 2691 iv:

189 2706 334 2743 quoniam
349 2714 469 2743 «opera
491 2707 563 2735 Cain
588 2707 723 2743 maligna
746 2712 844 2745 erant,
869 2710 968 2739 fratris

189 2755 287 2782 autem
299 2753 394 2788 justa,
408 2764 422 2781 »
439 2755 449 2782 1
463 2755 554 2789 Joan„
570 2762 618 2789 111,
635 2756 681 2784 12.

1058 343 1228 373 Substantia
1246 343 1397 374 Abraham
1415 347 1444 375 et
1463 342 1536 376 Loth
1559 350 1622 378 erat
1643 351 1738 381 multa
1749 375 1758 388 ‚
1778 356 1807 382 et

1021 398 1084 420 non
1097 391 1225 428 quibant
1239 391 1375 421 habitare
1391 394 1610 432 communiter,
1624 398 1706 427 unde
1727 399 1806 430 facta

1022 439 1066 467 est
1091 439 1157 468 rixa
1181 439 1256 468 inter
1283 441 1417 476 pastores
1444 448 1571 478 gregum
1598 444 1750 476 Abraham
1778 451 1807 478 et

1022 486 1113 521 Loth,
1130 487 1209 523 Gen„
1224 495 1286 516 xm.

1060 533 1135 568 Quia
1158 535 1344 571 quandoque
1362 544 1448 572 reges
1473 537 1675 569 Sodomorum
1698 544 1806 573 servie-

1022 583 1090 610 rant
1106 581 1269 611 duodecim
1284 583 1370 612 annis
1384 584 1644 616 Chodorlahomor
1659 590 1723 626 regi
1739 592 1806 622 Ela-

1023 629 1181 665 mitarum,
1198 631 1226 658 et
1250 630 1452 660 decimotertio
1476 638 1657 664 recesserant
1682 637 1721 666 ab
1746 647 1806 675 eo,

1022 675 1093 704 ideo
1108 676 1220 705 factum
1241 680 1283 705 est
1296 678 1413 707 bellum
1427 679 1503 708 illud
1525 681 1562 710 de
1584 685 1713 719 quatuor
1730 687 1806 722 regi-

1022 722 1081 751 bus
1094 723 1237 752 adversus
1253 725 1402 762 quinque,
1417 726 1448 754 in
1464 735 1526 763 quo
1536 728 1591 758 suit
1604 732 1676 759 Loth
1691 735 1806 770 captus,

1023 770 1078 799 sed
1091 778 1145 807 per
1159 771 1311 800 Abraham
1325 772 1482 809 liberatus,
1498 775 1576 812 Gen„
1592 785 1652 806 xlv.

1060 817 1120 846 Viri
1148 818 1272 847 civitatis
1302 819 1440 848 Sodomae
1467 822 1656 854 vallaverunt
1681 828 1808 859 domum

1024 865 1112 900 Loth,
1126 865 1158 894 in
1173 874 1234 902 qua
1254 870 1338 896 erant
1357 868 1418 896 duo
1438 870 1536 905 angeli
1551 871 1582 900 in
1596 872 1730 904 humana
1741 885 1809 913 spe-

1025 912 1069 940 cie
1095 913 1261 949 hospitati,
1284 917 1311 943 et
1338 916 1483 946 volebant
1509 918 1577 947 illos
1605 928 1806 961 cognoscere,

1024 959 1147 996 vimque
1175 960 1335 990 faciebant
1350 963 1636 1003 vehementissime,
1665 977 1701 998 eo
1722 972 1807 1007 quod

1024 1007 1098 1035 Loth
1115 1007 1246 1044 hospites
1269 1009 1397 1039 fideliter
1421 1011 1622 1050 deiendebat,
1644 1018 1711 1052 etc„
1728 1018 1806 1055 Gen„

1024 1061 1083 1083 xlx.

1062 1102 1183 1130 Factum
1198 1104 1240 1131 est
1256 1103 1392 1140 jurgium
1406 1107 1561 1142 pastorum
1575 1110 1689 1139 Gerarae
1703 1112 1810 1143 adver-

1025 1156 1074 1176 sus
1088 1151 1222 1184 pastores
1243 1153 1342 1188 Isaac3
1358 1152 1490 1183 habebat
1504 1156 1583 1184 enim
1597 1158 1678 1186 Isaac
1692 1168 1809 1196 posses-

1026 1195 1142 1224 sionem
1156 1197 1259 1226 ovium
1274 1200 1302 1227 et
1319 1202 1542 1238 armentorum,
1559 1205 1587 1232 et
1599 1203 1720 1235 familiae
1740 1208 1807 1243 plu-

1025 1242 1152 1278 rimum,
1169 1244 1234 1273 Gen.
1238 1253 1343 1280 „xxvr

1062 1290 1171 1318 Odeiat
1190 1299 1308 1328 semper
1322 1295 1398 1323 Esau
1412 1296 1504 1325 Jacob
1518 1305 1574 1334 pro
1588 1299 1808 1340 benedictione,

1025 1345 1087 1372 qua
1109 1337 1305 1368 benedixerat
1332 1341 1358 1369 ei
1383 1344 1476 1378 pater.
1502 1345 1639 1383 Dixitque
1663 1348 1694 1376 in
1716 1351 1807 1380 corde

1026 1393 1105 1414 suo:
1125 1395 1139 1412 «
1153 1387 1277 1416 Venient
1291 1389 1355 1417 dies
1370 1390 1465 1419 luctus
1480 1394 1571 1428 patris
1585 1395 1659 1431 mei,
1676 1399 1704 1425 et
1717 1398 1809 1427 inter-

1025 1432 1126 1461 ficiam
1140 1435 1232 1463 Jacob
1247 1435 1368 1465 fratrem
1380 1446 1500 1475 meum,
1520 1450 1533 1468 »
1553 1441 1632 1477 Gen„
1646 1451 1735 1473 xxvn.
1766 1469 1774 1478 Ι

1065 1482 1219 1509 «Tumens
1235 1482 1270 1519 (a)
1287 1484 1378 1512 Jacob
1400 1486 1474 1515 dixit
1491 1487 1530 1516 ad
1545 1489 1647 1517 Laban
1664 1499 1731 1520 cum
1745 1493 1810 1528 jur-

1025 1527 1076 1563 gio
1101 1537 1109 1556 ι
1136 1530 1232 1563 Quam
1259 1530 1300 1558 ob
1329 1532 1449 1568 culpam
1476 1542 1577 1563 meam
1605 1537 1646 1565 sic
1676 1540 1811 1569 exarsisti

1025 1574 1057 1602 in
1074 1583 1141 1610 me,
1158 1581 1186 1604 et
1211 1579 1356 1606 scrutatus
1383 1588 1414 1608 es
1438 1589 1560 1611 omnem
1588 1585 1806 1620 supellectilem

1025 1623 1148 1650 meam?
1163 1633 1177 1650 »
1196 1623 1274 1660 Gen„
1290 1632 1372 1663 xxx1,
1390 1629 1435 1657 36.

1062 1670 1223 1699 Occasione
1247 1673 1326 1701 Dinae
1350 1674 1419 1703 filiae
1443 1677 1551 1713 Jacob,
1575 1686 1669 1715 quam
1691 1681 1809 1711 Sichem

1023 1715 1103 1744 filius
1117 1718 1225 1746 Hemor
1236 1720 1270 1755 (b)
1281 1721 1380 1757 rapuit
1390 1724 1418 1751 et
1428 1725 1584 1760 oppressit,
1598 1726 1676 1756 facta
1692 1731 1735 1757 est
1746 1729 1806 1757 dis·

1025 1764 1128 1793 cordia
1142 1773 1253 1801 magna
1273 1767 1348 1796 inter
1362 1769 1442 1798 filios
1455 1772 1567 1808 Jacob,
1584 1775 1612 1802 et
1625 1774 1808 1807 habitatores

1024 1812 1107 1839 terrae
1119 1811 1200 1840 illius
1210 1835 1219 1847 ,
1237 1814 1315 1850 Gen„
1332 1824 1433 1846 xxx1v.

1060 1859 1173 1894 Moyses
1188 1861 1322 1896 quadam
1337 1863 1385 1891 die
1401 1865 1476 1894 vidit
1493 1866 1570 1895 duos
1585 1869 1723 1898 Hebraeos
1741 1880 1754 1897 «
1768 1871 1809 1900 ri-

1023 1908 1143 1941 xantes,
1158 1916 1172 1933 ))
1192 1908 1325 1945 dixitque
1354 1911 1399 1946 ei,
1425 1913 1477 1948 qui
1501 1914 1629 1944 faciebat
1644 1917 1785 1952 inJ‘uriam
1798 1929 1807 1946 ε

1029 1962 1043 1978 ε(
1068 1954 1163 1987 Quare
1191 1956 1320 1990 percutis
1351 1960 1524 1993 proximum
1550 1963 1656 1991 tuum?
1676 1974 1690 1991 n
1706 1966 1806 1999 Emod„

1026 2006 1067 2034 11,
1080 2002 1108 2028 3.

1060 2047 1133 2074 Cum
1149 2048 1287 2077 exiissent
1299 2050 1352 2078 filii
1374 2052 1461 2081 Israel
1476 2053 1513 2082 de
1532 2056 1609 2084 terra
1623 2058 1756 2095 AEgypti‚
1778 2062 1806 2089 et

1024 2094 1195 2122 transissent
1227 2105 1310 2125 mare
1335 2099 1492 2136 Rubrum,
1516 2103 1637 2132 Amalec
1668 2106 1750 2134 venit
1779 2109 1807 2136 et

1024 2143 1171 2178 pugnavit
1185 2147 1288 2173 contra
1304 2154 1355 2174 eos
1370 2147 1401 2175 in
1422 2149 1598 2185 Rephidim,
1619 2153 1708 2182 Eoeod.
1711 2162 1805 2190 ,.xvn

1061 2189 1206 2219 Multoties
1240 2192 1348 2228 jurgati
1385 2197 1454 2223 sunt
1489 2196 1544 2224 filii
1582 2199 1671 2228 lsrael
1704 2203 1807 2232 contra

1024 2237 1165 2272 Moysen
1158 2245 1189 2265 m
1205 2238 1341 2276 deserto,
1357 2242 1454 2277 primo
1477 2252 1532 2280 pro
1555 2245 1673 2275 defectu
1696 2251 1805 2286 potus,

1025 2284 1126 2316 Eaeod„
1141 2292 1193 2320 xv;
1207 2285 1315 2315 deinde
1331 2296 1386 2323 pro
1402 2289 1519 2320 delectu
1534 2292 1611 2328 cibi,
1622 2295 1710 2323 Eoeod.
1714 2305 1805 2333 ,XV13

1024 2332 1138 2366 postea,
1150 2332 1252 2361 habito
1263 2342 1324 2362 uno
1339 2336 1407 2364 cibo
1415 2337 1681 2372 deSideiavcrunt
1692 2343 1803 2371 alium

1025 2379 1172 2407 extaediati
1199 2381 1280 2409 enim
1306 2390 1418 2413 manna
1446 2387 1629 2424 comedere,
1658 2391 1805 2424 petierunt
1828 2418 1830 2421 .

1025 2433 1143 2461 carnes,
1153 2428 1250 2464 Num„
1263 2437 1302 2457 x1.
1318 2431 1390 2459 Item
1402 2432 1442 2460 ad
1457 2441 1550 2469 aquas
1561 2437 1804 2466 contradictionis

1024 2477 1227 2502 convenerunt
1244 2476 1405 2506 adversum
1423 2481 1559 2517 Moysen,
1582 2484 1609 2510 ct
1627 2485 1726 2512 Aaron
1751 2484 1804 2513 filii

1024 2520 1128 2556 lsrael,
1144 2523 1172 2550 et
1196 2522 1238 2550 ibi
1259 2523 1370 2559 J'urgati
1392 2529 1461 2555 sunt
1483 2530 1585 2558 contra
1600 2531 1761 2560 Dominum
1776 2534 1805 2561 et

1023 2567 1162 2604 Moysen,
1177 2570 1271 2605 Num„
1286 2579 1345 2600 xxi.
1363 2573 1486 2602 Ulterius
1507 2576 1721 2613 procedentes,
1742 2587 1803 2607 coe-

1023 2614 1066 2650 pit
1083 2623 1134 2643 eos
1149 2617 1256 2645 taedere
1272 2618 1382 2647 itineris
1397 2622 1425 2649 et
1438 2621 1568 2657 laboris,
1584 2624 1612 2652 et
1627 2624 1719 2654 locuti
1734 2629 1803 2655 sunt

1024 2664 1127 2691 contra
1140 2664 1299 2694 Dominum
1313 2668 1341 2695 et
1355 2668 1475 2704 Moysen
1484 2690 1493 2703 ,
1504 2671 1600 2705 Num„
1615 2679 1674 2700 xxi.

1056 2726 1089 2757 (a)
1104 2727 1165 2752 Coet.
1175 2728 1238 2752 edit.
1253 2728 1366 2755 Timens.
1379 2744 1405 2749 -
1423 2731 1454 2763 (b)
1467 2732 1527 2756 Item
1543 2734 1631 2766 Emor,
1645 2738 1669 2760 et
1686 2736 1722 2761 sic
1735 2738 1808 2763 dein-

1029 2769 1097 2794 ceps.
