2004 3037
876 232 1007 266 CAPUT
1028 231 1136 267 XXIX.

195 299 313 328 Domini
323 299 466 330 audiebat
475 300 604 330 verbum
616 299 705 335 illius,
718 309 733 328 »
749 300 826 333 Luc„
841 308 871 337 x,
886 302 921 330 39
926 310 936 337 ;
950 302 979 329 et

197 347 311 379 audivit
334 347 456 377 tandem
479 348 639 378 Dominum
662 348 811 378 dicentem
827 357 834 378 ε
853 358 868 376 α
886 348 979 379 Maria

197 394 342 432 optimam
355 398 471 432 partem
484 395 585 432 elegit,
599 406 613 423 ι»
631 397 686 424 ete.
701 395 791 431 thid„
805 397 850 424 42.

232 442 265 471 ln
287 441 348 470 fine
370 442 516 471 sermonis
535 443 566 471 in
588 444 690 472 monte
714 442 785 471 dicit
806 442 948 472 Dominus
967 452 975 472 ι

200 498 214 516 α
227 489 329 518 Omnis
347 489 400 527 qui
415 489 499 518 audit
514 489 608 518 verba
622 497 702 525 mea,
717 491 746 518 et
759 489 828 518 facit
842 498 889 524 ea,
904 490 977 519 assi-

196 536 349 566 milabitur
368 537 435 566 viro
449 537 587 574 sapienti,
612 537 664 573 qui
678 537 837 566 aedifieavit
852 537 978 567 domum

195 591 282 612 suam
296 592 386 621 supra
399 586 526 620 petram.
543 594 557 611 »
573 585 689 619 Matth„
705 592 753 618 vu,
769 585 816 612 24.

233 641 248 657 «
261 623 335 660 cum
355 631 448 660 turbae
460 631 606 660 irruerent
619 631 648 659 in
663 642 676 659 >z
695 631 854 661 Dominum
867 632 977 667 Iesum,

198 687 212 706 a
226 680 259 707 ut
280 679 417 708 audirent
437 679 565 708 verbum
578 679 640 714 Dei,
665 679 771 708 sedens
786 679 824 707 de
840 679 978 708 navicula

196 725 326 759 docebat
335 727 447 755 turbas.
457 737 472 755 n
486 728 520 756 Et
528 727 558 754 in
568 727 627 755 fine
637 727 795 763 sermonis,
806 735 875 755 cum
890 726 979 755 dixis-

195 775 237 802 set
251 773 363 802 Simoni
379 783 386 802 ε
406 783 420 800 «
434 775 495 802 Duo
509 775 540 802 in
554 774 662 810 altum,
677 785 690 801 n
711 776 778 810 etc„
794 776 894 802 Petrus
909 782 978 802 cum

195 820 292 855 sociis,
304 822 478 850 «subductis
488 822 528 850 ad
537 824 646 850 terram
654 821 792 858 navibus,
800 821 908 849 relictis
917 828 979 849 om-

195 869 296 903 nibus,
311 870 401 898 secuti
415 871 482 898 sunt
495 878 575 898 eum.
586 879 601 896 a
616 871 695 903 Luc„
706 877 734 904 v,
751 870 778 904 1,
794 870 822 905 3,
837 870 865 904 4,
877 870 923 897 11.

232 917 389 945 Extollenti
405 925 512 945 vocem
532 917 667 952 mulieri,
683 918 711 945 et
732 917 838 945 dicenti
852 915 978 944 Domino

195 964 262 992 Jesu
277 972 284 992 :
302 973 318 991 ι(
331 966 436 993 Beatus
455 967 559 993 venter
582 964 635 1001 qui
649 965 677 993 te
692 964 839 1001 portavit,
855 964 883 991 et
904 963 979 991 ube-

199 1019 243 1046 ra,
258 1021 272 1038 »
291 1013 359 1047 etc„
375 1012 450 1041 dixit
460 1012 603 1041 Dominus
628 1021 635 1040 :
654 1021 669 1039 ιι
681 1012 820 1046 Quinimo
833 1010 913 1040 beati
927 1011 980 1048 qui

196 1058 322 1087 audiunt:
332 1059 460 1087 verbum
472 1060 532 1088 Dei.
547 1069 562 1087 »
578 1060 656 1095 Luc„
670 1067 711 1095 xi,
727 1060 773 1094 27,
787 1059 833 1086 28.

232 1108 359 1136 Instante
381 1106 533 1136 dominica
551 1106 706 1143 passione,
731 1106 860 1142 legitur:
885 1106 980 1134 «Erat

196 1153 308 1182 docens
331 1154 465 1191 quotidie
485 1154 517 1183 in
536 1154 659 1191 templo.
680 1165 694 1182 »
712 1155 745 1182 Et
767 1156 834 1190 post
857 1161 977 1189 Pauca:

198 1210 212 1228 α
219 1202 320 1230 Omnis
329 1202 458 1239 populus
465 1210 626 1239 suspensus
634 1204 713 1236 erat,
725 1201 849 1231 audiens
856 1201 952 1229 illuni.
962 1209 976 1226 »

196 1250 273 1281 Luc„
288 1257 350 1282 x1x,
367 1252 412 1284 47,
426 1251 471 1278 48.

231 1296 294 1324 Duo
309 1296 447 1333 discipuli
461 1296 578 1325 Domini
589 1298 692 1325 euntes
705 1296 737 1324 in
754 1294 910 1324 castellum
924 1302 979 1322 no-

196 1342 276 1371 mine
289 1346 438 1378 EmmauS,
451 1344 609 1380 loquentes
620 1344 659 1371 ad
668 1343 797 1371 invicem
808 1342 845 1371 tle
854 1342 900 1378 iis,
913 1349 980 1378 quae

197 1391 331 1427 tempore
354 1391 511 1420 dominicae
535 1391 682 1427 passionis
705 1390 893 1425 acciderant,
917 1397 980 1417 me-

196 1440 318 1467 ruerunt
331 1439 443 1467 habere
464 1439 635 1468 societatem
649 1438 740 1474 illius,
751 1437 789 1467 de
805 1445 865 1474 quo
875 1436 981 1473 loque-

197 1485 317 1515 bantur.
333 1488 408 1519 Luc„
426 1494 505 1515 xxiv.

233 1534 319 1562 Facto
335 1542 472 1562 sermone
488 1533 527 1561 ad
540 1533 663 1570 plebem
674 1533 787 1561 aPetro
802 1531 833 1559 in
847 1530 896 1559 die
910 1531 981 1559 Pen-

198 1582 318 1609 tecostes
332 1583 399 1617 post
413 1580 576 1609 adventum
597 1580 721 1616 spiritus
740 1579 844 1614 sancti,
861 1578 979 1612 dicitur,

198 1629 275 1662 Act„
287 1636 309 1656 11
325 1637 331 1655 :
351 1638 365 1654 «
379 1628 416 1657 lis
432 1628 466 1664 (h)
484 1628 592 1656 auditis
606 1627 778 1663 compuncti
795 1628 862 1655 sunt
876 1625 979 1660 corde,

199 1676 227 1704 et
237 1676 375 1704 dixerunt
387 1676 425 1704 ad
436 1678 562 1711 Petrum,
573 1677 602 1704 et
612 1675 651 1703 ad
661 1675 794 1711 reliquos
802 1672 960 1710 Apostolos
969 1680 980 1702 z

198 1723 275 1757 Quid
298 1723 460 1756 faciemus,
483 1722 539 1751 viri
562 1723 686 1751 fratres?
706 1723 739 1750 Et
758 1720 898 1758 baptIZati
913 1721 982 1749 sunt

199 1770 312 1799 circiter
326 1770 381 1798 tria
402 1770 523 1798 millia»
541 1769 709 1797 hominum.
723 1769 798 1805 Act.‚
814 1776 852 1803 n,
868 1770 902 1797 37
909 1789 919 1804 ,
933 1769 982 1798 41:

234 1820 302 1847 Post
321 1818 507 1846 sanationem
530 1817 649 1852 claudi,
669 1819 698 1846 et
712 1825 883 1845 sermonem
905 1816 982 1845 Petri

200 1865 286 1902 (Act.,
302 1864 362 1901 ιιι),
378 1865 510 1901 sequitur
525 1873 533 1893 :
551 1864 658 1893 «Multi
673 1864 725 1901 qui
744 1864 901 1893 audierant
916 1871 982 1892 ver-

199 1912 285 1947 bum,
301 1912 510 1947 crediderunt,
531 1913 559 1940 et
578 1912 672 1940 factus
687 1913 884 1940 estnumerus
903 1911 982 1940 viro-

199 1966 268 1988 rum
282 1959 416 1995 quinque
429 1959 535 1987 millia.
551 1969 564 1985 n
583 1959 660 1993 Act.,
675 1967 714 1994 iv,
730 1959 756 1987 4.

239 2016 252 2033 u
264 2007 438 2035 Invocantes
452 2005 489 2043 (a)
501 2016 515 2033 n
534 2005 696 2034 duodecim
710 2005 843 2042 Apostoli
856 2014 871 2032 «
884 2005 983 2034 multi-

200 2053 335 2083 tudinem
345 2053 562 2090 discipulorum
572 2053 710 2081 dixerunt
719 2062 726 2081 ι
734 2054 799 2081 Non
809 2055 851 2081 est
862 2062 982 2089 aequum

201 2109 256 2129 nos
279 2101 486 2137 derelinquere
510 2100 638 2129 verbum
667 2100 715 2128 Dei
729 2120 739 2134 ,
764 2101 793 2128 et
814 2100 981 2128 ministrare

200 2149 319 2177 mensis.
342 2159 357 2176 η
382 2149 458 2185 Act„
479 2156 528 2183 V1,
551 2151 578 2176 2.
599 2150 673 2177 Nota
694 2149 795 2176 tamen
816 2147 900 2184 quod
923 2147 981 2176 illae

200 2204 310 2225 mensae
331 2198 413 2225 erant
434 2204 605 2233 pauperum
623 2195 783 2224 viduarum
799 2203 806 2223 :
822 2203 876 2231 per
897 2194 982 2231 quod

201 2243 289 2272 datur
303 2243 444 2279 intelligi,
460 2243 544 2279 quod
559 2250 634 2279 opus
656 2242 875 2279 praedicationis
895 2241 981 2270 verbi

201 2291 250 2319 Dei
265 2290 417 2327 praefertur
431 2291 515 2327 operi
528 2289 740 2318 misericordiae
755 2289 930 2326 corporalis

240 2347 254 2364 α
277 2339 341 2366 Non
371 2339 509 2374 poterant
534 2336 668 2365 resistere
695 2337 702 2372 (
717 2336 809 2365 Judaei
825 2337 832 2371 )
861 2336 980 2373 Spiritui

201 2385 253 2422 qui
277 2385 461 2422 loquebatur
473 2393 527 2422 per
538 2385 661 2413 beatum
671 2385 863 2421 Stephanum.
876 2394 890 2411 ι)
903 2385 980 2418 Act„

201 2441 240 2468 vi,
256 2434 300 2461 10.

239 2490 253 2506 (ι
267 2480 417 2516 Philippus
432 2479 616 2507 descendens
627 2479 658 2507 in
670 2479 816 2507 civitatem
829 2479 978 2515 Samariae,

200 2527 382 2563 praedicabat
400 2526 458 2554 illis
478 2528 586 2554 Jesum.
598 2527 794 2555 Intendebant
809 2528 909 2555 autem
922 2529 980 2555 tur-

200 2574 247 2601 bae
263 2573 318 2601 illis
335 2574 368 2609 (b)
386 2582 452 2609 quae
467 2582 484 2601 a
499 2573 634 2610 Philippo
651 2574 837 2608 dicebantur,
853 2574 979 2603 audien-

200 2623 243 2649 tes
257 2621 445 2657 unanimiter,
461 2631 474 2648 υ
493 2623 546 2649 etc.
564 2622 640 2656 Act„
656 2628 717 2656 vin,
734 2623 790 2650 5-6.

196 2727 200 2731 ’
236 2720 268 2752 (α)
288 2721 361 2752 Vulq.
378 2720 594 2745 Convocantes.-
612 2719 647 2751 (b)
667 2720 740 2752 Vulq.
758 2720 805 2745 bis.

1757 235 1817 269 523

1073 310 1087 328 α
1098 301 1240 338 Aperiens
1255 301 1408 339 Philippus
1421 311 1455 332 os
1469 310 1559 331 suum
1573 301 1814 338 evangelizavit»

1033 348 1171 377 eunucho
1189 358 1204 376 α
1221 350 1336 386 Jesum3
1351 359 1364 377 n
1379 351 1407 378 et
1430 350 1582 378 venientes
1597 349 1637 378 ad
1652 349 1816 387 quamdam

1033 403 1144 433 aquam
1154 396 1306 425 confessus
1320 398 1363 426 est
1372 397 1526 425 eunuchus
1540 405 1570 425 se
1581 397 1713 432 credere,
1722 398 1752 426 et
1765 396 1816 426 ille

1033 442 1195 480 baptizavit
1209 452 1288 472 eum.
1304 444 1380 479 Act„
1395 452 1456 478 vm,
1473 446 1507 474 35
1523 445 1551 472 et
1564 452 1628 481 seq.

1069 492 1108 519 De
1133 491 1223 520 Saulo
1242 500 1334 528 quem
1351 491 1495 520 Dominus
1516 492 1597 520 Jesus
1616 494 1817 520 excaecaverat

1033 538 1238 575 corporaliter,
1249 540 1277 567 et
1291 539 1472 567 illuminavit
1485 538 1686 576 spiritualiter,
1701 538 1818 568 dixerat

1032 585 1096 622 ipse
1111 586 1142 614 in
1155 586 1221 614 visu
1234 586 1355 615 Ananiae
1368 595 1375 615 ι
1391 596 1406 613 α
1420 586 1517 621 Vade,
1534 586 1679 623 quoniam
1692 594 1745 614 vas
1760 585 1818 614 ele-

1033 633 1138 665 ctionis
1154 635 1197 662 est
1210 634 1283 662 mihi
1299 634 1362 669 iste,
1377 636 1410 662 ut
1424 635 1521 670 portet
1535 641 1646 661 nomen
1655 641 1758 662 meum
1770 641 1819 663 co-

1032 688 1098 709 ram
1113 680 1260 716 gentibus,
1277 681 1306 709 et
1319 680 1455 716 regibus,
1468 682 1497 709 et
1510 680 1579 708 filiis
1594 680 1693 710 lsrael.
1708 690 1723 708 ›>
1740 681 1817 717 Act„

1033 735 1073 764 lx,
1092 729 1137 756 15.
1153 730 1218 765 lpse
1236 735 1368 764 namque
1392 728 1499 756 Paulus
1518 727 1679 763 gentilibus
1702 728 1817 764 Graecis,

1033 775 1153 811 regibus
1172 775 1315 804 Romanis
1327 796 1336 811 ,
1359 776 1387 804 et
1409 774 1478 803 filiis
1502 775 1604 810 lsrael,
1627 775 1688 804 sive
1711 776 1725 804 J
1728 775 1818 804 udaeis

1033 822 1216 858 praedicavit.

1069 869 1168 898 Noluit
1183 870 1325 898 Dominus
1344 869 1517 899 Cornelium
1531 869 1677 898 instruere
1692 877 1747 907 per
1760 873 1819 899 An-

1035 915 1147 952 gelum,
1164 917 1218 945 sed
1236 917 1394 946 mandavit
1416 918 1459 953 ei,
1482 920 1645 946 accerseret
1667 918 1819 947 Simonem

1034 960 1166 993 Petrum,
1182 961 1210 988 et
1226 960 1277 988 ille
1298 960 1418 989 doceret
1440 968 1528 995 eum,
1551 960 1626 997 quid
1640 968 1711 989 eum
1721 960 1819 989 facere

1034 1008 1194 1043 oporteret.
1210 1007 1287 1042 Act„
1303 1016 1331 1036 x.

1072 1063 1087 1080 <t
1109 1056 1260 1091 Loquente
1283 1057 1386 1091 Petro,
1414 1055 1521 1084 cecidit
1549 1055 1674 1092 Spiritus
1701 1058 1819 1084 sanctus

1035 1110 1124 1138 super
1143 1111 1264 1137 omneS,
1289 1103 1341 1140 qui
1361 1103 1528 1133 audiebant
1546 1104 1685 1132 verbum.
1707 1113 1722 1130 »
1743 1104 1819 1138 Act„

1036 1157 1066 1185 x,
1080 1152 1126 1180 44.

1075 1206 1088 1223 t<
1102 1197 1261 1227 AudIentes
1274 1201 1387 1235 gentes,
1399 1209 1413 1227 n
1430 1199 1515 1236 quod
1527 1198 1820 1236 Judaei'erantrepel-

1035 1244 1128 1273 lentes
1141 1245 1269 1273 verbum
1282 1247 1341 1282 Dei,
1359 1248 1387 1275 et
1402 1246 1486 1283 quod
1502 1246 1609 1274 Paulus
1625 1247 1653 1275 et
1667 1246 1819 1275 Barnabas

1035 1291 1179 1320 volebant
1192 1293 1355 1328 praedicare
1370 1294 1422 1328 eis,
1437 1303 1452 1320 «
1467 1294 1576 1330 gavisae
1590 1295 1668 1328 sunt,
1684 1296 1712 1321 et
1726 1293 1820 1322 credi-

1035 1338 1144 1368 derunt
1165 1341 1314 1377 quotquot
1342 1340 1535 1378 praeordinati
1561 1340 1602 1369 ad
1620 1342 1714 1369 vitam
1734 1342 1819 1370 aeter-

1035 1394 1116 1415 nam.
1132 1397 1146 1414 »
1163 1388 1239 1422 Act„
1253 1396 1318 1422 xm,
1332 1390 1377 1416 48.

1075 1444 1088 1461 «
1103 1436 1224 1463 Factum
1239 1438 1280 1464 est
1295 1436 1386 1464 Iconii
1394 1457 1403 1472 ,
1419 1438 1451 1465 ut
1464 1447 1477 1462 »
1494 1436 1604 1465 Paulus
1626 1436 1655 1464 et
1668 1436 1819 1465 Barnabas

1035 1483 1262 1519 ingrederentur
1277 1492 1463 1520 synagogas,
1483 1494 1497 1510 α
1512 1485 1539 1512 et
1559 1484 1763 1520 loquerentur,
1778 1484 1819 1512 ita

1035 1532 1067 1559 ut
1077 1531 1209 1559 crederet
1218 1531 1389 1560 Judaeorum
1398 1534 1426 1561 et
1433 1533 1600 1562 Graecorum
1611 1532 1732 1569 copiosa
1741 1531 1819 1561 mul-

1035 1579 1141 1607 titudo.
1156 1589 1169 1605 1>
1184 1580 1260 1613 Act„
1275 1588 1336 1615 xxv,
1354 1582 1379 1609 1.

1074 1626 1242 1660 «Quaedam
1264 1627 1372 1655 mulier
1388 1628 1510 1655 nomine
1525 1627 1619 1664 Lydia
1640 1627 1820 1664 purpuraria

1037 1673 1179 1702 audivit»
1196 1675 1321 1703 Paulum
1341 1675 1526 1712 loquentem,
1542 1685 1558 1702 «
1577 1676 1661 1711 cujus
1676 1675 1819 1704 Dominus

1037 1721 1153 1758 aperuit
1169 1730 1231 1757 cor,
1245 1732 1259 1749 n
1279 1724 1307 1751 et
1324 1722 1473 1759 baptizata
1495 1724 1537 1751 est
1557 1730 1626 1751 cum
1644 1722 1737 1751 domo
1752 1730 1816 1752 sua.

1036 1769 1112 1804 Act.‚
1127 1778 1189 1805 xvt,
1201 1771 1247 1805 14,
1261 1771 1305 1798 15.

1075 1825 1090 1843 «
1110 1818 1182 1845 Cum
1208 1816 1361 1845 audissent
1382 1826 1396 1844 »
1417 1816 1609 1845 Athenienses
1628 1817 1754 1845 Paulum
1774 1817 1820 1846 lo-

1038 1865 1179 1900 quentem
1190 1863 1227 1892 de
1239 1873 1253 1889 a
1262 1864 1476 1893 resurrectione
1484 1866 1684 1899 mortuorum,
1696 1864 1822 1900 quidam

1036 1911 1220 1939 irridebant:
1238 1911 1363 1947 quidam
1382 1919 1455 1940 vero
1477 1911 1618 1939 dixerunt
1635 1920 1642 1939 z
1658 1912 1822 1940 Audiemus

1037 1959 1064 1986 te
1081 1958 1118 1985 de
1132 1958 1190 1986 hoo
1213 1958 1331 1987 iterum.
1348 1960 1380 1986 Et
1394 1958 1436 1986 sic
1460 1959 1569 1987 Paulus
1584 1959 1654 1987 exiit
1668 1959 1705 1986 de
1719 1959 1820 1987 medio

1038 2014 1152 2034 eorum.
1176 2005 1304 2039 Quidam
1328 2013 1400 2033 vero
1429 2006 1613 2033 adhaerentes
1637 2006 1662 2034 ei
1687 2005 1821 2034 credide-

1037 2054 1116 2087 runt,
1132 2053 1207 2080 inter
1227 2060 1304 2088 quos
1318 2052 1477 2089 Dionysius
1499 2053 1693 2089 Areopagita‚
1715 2054 1743 2081 et
1756 2061 1822 2081 mu-

1037 2100 1091 2128 lier
1114 2100 1234 2128 nomine
1254 2100 1401 2135 DamariS,
1426 2101 1454 2128 et
1473 2099 1523 2128 alii
1551 2108 1619 2128 eum
1639 2100 1690 2129 eis.
1712 2110 1727 2127 »
1743 2100 1820 2137 Act„

1038 2155 1109 2182 xvn,
1125 2149 1170 2182 32,
1187 2148 1232 2175 34.

1075 2196 1176 2224 Mansit
1191 2195 1297 2224 Paulus
1312 2195 1417 2232 Ephesi
1435 2204 1449 2222 «
1462 2203 1516 2232 per
1533 2195 1705 2230 biennium,
1721 2196 1819 2233 quoti-

1039 2243 1087 2271 die
1109 2243 1262 2279 disputans
1285 2243 1316 2271 in
1336 2243 1439 2271 schola
1453 2243 1572 2279 tyranni
1587 2243 1762 2278 cujusdam,
1778 2243 1819 2272 ita

1039 2292 1070 2319 ut
1084 2299 1187 2318 omncs
1205 2290 1256 2327 qui
1270 2290 1448 2318 habitabant
1462 2290 1492 2317 in
1506 2290 1584 2326 Asia,
1601 2291 1739 2319 audirent
1753 2299 1818 2319 ver-

1038 2337 1113 2366 bum
1126 2338 1252 2365 Domini.
1267 2348 1281 2363 ι»
1297 2339 1372 2372 Act„
1388 2345 1449 2373 xm,
1466 2339 1493 2371 9,
1511 2339 1553 2365 10.

1073 2385 1200 2413 Veniens
1215 2385 1320 2413 Paulus
1335 2387 1467 2413 Beroeam
1487 2385 1616 2413 intrabat
1630 2393 1818 2422 synagogam

1036 2432 1221 2468 Judaeorum,
1247 2434 1275 2460 et
1298 2432 1424 2469 quidam
1445 2441 1458 2458 «
1477 2435 1669 2468 susceperunt
1691 2430 1817 2460 verbum

1038 2488 1107 2508 cum
1131 2480 1213 2508 omni
1237 2480 1388 2514 aviditate,
1409 2479 1542 2515 quotidie
1558 2481 1719 2507 scrutantes
1743 2480 1817 2508 Scri-

1036 2529 1137 2563 pturas
1152 2527 1175 2554 si
1190 2527 1252 2554 haec
1268 2527 1307 2554 ita
1322 2535 1352 2554 se
1368 2526 1526 2561 habereut3
1543 2529 1570 2554 et
1584 2526 1669 2554 multi
1685 2526 1817 2555 credide-

1036 2577 1106 2602 runt
1120 2583 1157 2602 ex
1173 2573 1225 2602 eis.
1241 2584 1255 2600 »
1274 2574 1350 2608 Act„
1366 2581 1437 2608 xvii,
1454 2575 1499 2608 tt,
1517 2575 1558 2601 ¹2.

1071 2623 1232 2657 Postquam
1262 2628 1314 2648 rex
1347 2620 1477 2657 Agrippa
1512 2620 1646 2649 audierat
1672 2620 1814 2655 Paulum,

1036 2669 1110 2697 dixit
1124 2669 1150 2697 ei
1166 2677 1173 2696 z
1193 2678 1207 2694 «
1223 2669 1254 2697 ln
1268 2668 1390 2696 modico
1409 2667 1518 2697 suades
1532 2668 1605 2697 mihi
1619 2667 1816 2698 christianum

1036 2716 1109 2745 fieri.
1126 2727 1141 2744 n
1159 2716 1233 2751 Act„
1247 2723 1328 2751 xxvr,
1344 2716 1389 2744 ⁶28.
