2004 3037
519 205 569 237 DE
590 202 919 237 BEATITUDINIBUS
941 204 1212 239 EVANGELIClS.
1237 207 1323 240 CAP.
1347 209 1370 240 l.

137 274 242 304 emittit
254 273 416 311 spiramina
427 272 658 309 fragrantissima
669 271 792 300 virtutis.
804 272 836 300 Et
845 271 914 300 ideo

137 321 244 350 dicitur
266 321 295 350 in
319 322 507 350 Ecclesiastico
520 321 549 348 ¹:
572 320 647 348 sicut
665 327 868 354 cynnamomum
890 321 916 346 et

137 369 283 397 balsamum
303 369 502 402 aromatizans,
521 367 625 395 odorem
640 366 713 394 dedi.
730 367 777 394 Est
791 366 914 402 insuper

136 415 287 444 humilitas
306 415 338 443 in
358 414 464 443 decore
484 413 590 442 mentis
607 413 694 441 valde
716 413 851 450 speciosa
858 423 866 449 ;
887 415 915 441 et

137 465 258 500 propter
270 463 329 491 hoc
343 462 532 497 comparatur
546 460 649 495 virori,
666 462 694 488 et
709 460 802 489 colori
814 460 912 495 viridi,

137 510 188 547 qui
211 517 300 546 super
321 516 423 538 omnes
446 507 561 536 colores
585 510 627 536 est
649 507 913 544 proportionabilis

138 556 244 591 oculis,
266 558 294 584 et
314 555 496 584 delectabilis
514 554 553 582 ad
571 554 746 582 videndum.
764 554 845 583 Unde
869 554 912 583 di-

137 603 211 632 citur
224 603 255 632 in
268 602 491 632 Ecclesiasti002:
507 602 631 630 Gratiam
646 603 670 629 et
681 604 795 637 speciem
809 602 913 630 deside—

136 651 210 679 rabit
224 651 331 684 oculus,
351 652 376 677 et
395 657 476 685 super
490 657 578 677 omnes
594 648 695 677 virides
714 651 848 683 sationes,
862 649 912 678 vel

135 699 263 733 segetes,
291 696 379 725 satior
402 696 585 733 viridiorque
611 698 654 724 est
676 696 769 724 virtus
792 696 911 725 humili-

134 744 209 773 tatis.

1692 214 1751 244 313

969 272 1065 301 verbi.
1081 273 1162 302 Unde
1181 274 1288 304 dicitur
1302 275 1333 305 in
1347 276 1463 306 Psalmo
1477 278 1487 295 ⁷
1500 286 1507 306 ε
1523 278 1584 307 Non
1598 280 1637 307 sic
1653 281 1751 315 impii,

969 327 1022 348 non
1033 321 1073 348 sic
1084 329 1094 348 :
1112 321 1158 349 sed
1176 324 1307 357 tanquam
1317 324 1424 358 pulvis,
1442 326 1496 352 eto.
1511 325 1617 360 Tertio,
1630 328 1752 363 propter

968 367 1144 403 resurgendi
1169 368 1461 405 impossibilitatem:
1486 379 1555 400 nam
1578 372 1654 401 sicut
1678 373 1751 402 cinis

968 422 1029 442 non
1052 416 1149 451 potest
1166 415 1264 444 redIre
1283 416 1323 444 ad
1338 418 1445 445 statum
1466 425 1526 446 suae
1544 420 1690 455 materiae,
1708 421 1750 449 sic

967 461 1060 489 homo
1086 464 1223 498 peccator
1249 471 1310 491 non
1334 465 1431 500 potest
1454 465 1552 494 redire
1578 466 1618 494 ad
1642 469 1749 496 statum

968 509 1081 543 gratiae,
1097 509 1152 537 nisi
1170 509 1234 538 sola
1254 510 1304 539 Dei
1325 511 1448 546 virtute,
1466 512 1538 548 quia
1557 512 1627 541 dicit
1648 515 1747 543 Eccle-

967 555 1089 584 siasles⁹
1103 565 1109 584 :
1125 557 1208 586 Nemo
1229 560 1315 592 potest
1333 560 1479 593 corriyere,
1501 568 1578 594 quem
1601 563 1670 589 Deus
1690 562 1748 590 des-

964 604 1058 638 pexit,
1082 604 1110 631 et
1124 603 1154 631 in
1169 604 1285 633 Psalmo
1300 605 1326 632 ⁹:
1347 606 1411 633 Nisi
1427 607 1556 634 Dominus
1572 607 1748 643 (edificaverit

967 650 1089 682 domum,
1106 652 1159 678 etc.
1177 651 1330 680 Humilitas
1344 652 1465 689 insuper
1480 661 1510 681 se
1528 654 1701 690 mortificat,
1717 648 1761 684 ut*

965 698 1109 732 resurgat,
1126 698 1197 734 (suia
1210 698 1331 726 humilis
1347 699 1432 735 quasi
1448 708 1566 736 semper
1580 701 1748 730 considerat

966 746 1092 772 mortem
1104 745 1273 781 propriam,
1290 748 1320 774 ut
1333 748 1465 782 resurgat
1479 747 1518 775 ad
1532 748 1634 777 vitam.

1003 793 1035 819 Et
1044 793 1126 826 nota,
1139 792 1222 829 quod
1232 793 1378 821 memoria
1391 794 1493 822 mortis
1505 794 1574 823 facit
1585 795 1616 823 in
1626 796 1747 825 homine
1785 809 1868 829 Memo.

966 839 1113 874 praecipuo
1129 847 1180 867 sex
1191 840 1282 868 bona.
1294 840 1392 868 Primo
1407 841 1476 869 iacit
1485 844 1606 878 peecata
1615 843 1663 871 vel
1677 843 1748 872 vitia
1762 839 1868 891 ’ἷζεῗζζ-

965 884 1080 920 fugere:
1105 894 1176 914 nam
1197 887 1271 915 sicut
1293 887 1423 916 latrones
1448 888 1553 917 timent
1579 892 1606 917 et
1629 889 1748 926 fugiunt
1762 902 1820 923 bona
1833 903 1867 923 fa.

966 932 1072 960 saciem
1090 933 1214 968 judicis,
1235 934 1276 962 sie
1294 935 1366 963 vitia
1387 936 1564 964 memoriam
1581 937 1615 973 (b)
1632 938 1744 966 mortis.
1762 935 1820 955 ⁰¹21¹²
1831 936 1868 956 ¹¹⁰·

170 793 241 820 Item
255 793 337 825 nota,
352 791 436 827 quod
454 790 603 818 humilitas
622 798 653 818 se
672 790 808 818 humiliat
819 792 851 818 ut
865 798 912 818 as-

137 838 258 873 cendat,
280 847 310 866 se
331 838 474 866 incinerat
491 839 523 865 ut
541 837 691 871 redoleat,
710 845 740 865 se
756 837 913 865 mortificat

135 887 167 914 ut
176 887 319 921 resurgat.
333 884 484 913 Humilitas
494 885 593 920 itaque
608 892 638 912 se
650 884 787 912 humiliat
798 886 825 912 et
839 893 912 912 sem-

134 940 187 969 per
205 933 335 961 inelinat.
351 932 429 960 Sicut
451 932 531 960 enim
551 925 651 959 ramus
669 931 700 959 in
721 939 781 968 quo
801 932 912 968 pendet

133 979 259 1015 fructus,
275 982 303 1008 et
323 980 396 1008 sicut
416 979 497 1015 spica
511 979 601 1014 plena
620 986 732 1014 grano,
751 979 870 1014 respicit
884 981 912 1007 et

134 1027 262 1055 declinat
275 1035 378 1055 versus
392 1028 513 1060 terram3
530 1026 572 1053 sic
587 1026 687 1054 anima
701 1025 831 1061 humilis,
845 1034 911 1062 quae

133 1073 223 1102 instar
243 1074 319 1102 rami
334 1074 369 1110 (a)
395 1075 437 1101 est
464 1074 569 1101 onusta
593 1072 737 1101 fructibus
760 1073 910 1101 bonorum

133 1129 269 1158 operum,
285 1124 312 1149 et
326 1121 364 1149 ad
380 1120 505 1149 modum
520 1120 607 1156 spicae
622 1122 750 1155 granatae
766 1122 808 1148 est
821 1121 911 1156 plena

132 1169 229 1204 granis
248 1169 404 1203 virtutum,
429 1168 546 1204 respicit
566 1169 689 1202 terram,
710 1167 742 1195 id
764 1169 821 1202 est,
841 1176 910 1204 pro-

132 1215 229 1252 priam
248 1215 449 1251 fragilitatem,
467 1217 495 1243 et
511 1215 606 1242 carnis
626 1215 672 1242 vel
692 1215 825 1250 corporis
840 1223 910 1243 con-

133 1262 275 1291 ditionem
289 1265 445 1290 terrenam.
468 1264 487 1290 E
509 1262 655 1290 contrario
673 1270 774 1289 ramus
796 1264 909 1290 erectus

130 1311 274 1338 monstrat
286 1309 369 1346 quod
383 1310 414 1337 in
429 1317 464 1337 eo
480 1311 522 1337 est
537 1309 637 1336 nullus
651 1308 772 1344 fructus,
787 1311 814 1337 et
828 1310 909 1345 spica

131 1360 242 1392 erecta,
259 1357 344 1394 quod
367 1359 410 1385 est
433 1356 550 1392 gracilis
570 1358 597 1384 et
615 1364 709 1384 vacua
726 1366 732 1384 :
755 1357 796 1384 ita
816 1357 908 1385 homo

130 1413 183 1442 per
197 1404 367 1441 superbiam
382 1406 494 1432 erectus
510 1405 552 1431 est
566 1404 605 1431 ad
618 1404 744 1431 modum
762 1404 838 1432 rami
854 1407 906 1432 ste-

129 1452 191 1480 rilis
214 1454 242 1479 et
265 1451 449 1479 infructuosi.
475 1452 506 1478 Et
528 1450 596 1478 ideo
626 1450 697 1478 dicit
717 1451 852 1479 Salvator
877 1452 907 1479 in

129 1500 258 1527 Matthoeo
269 1499 278 1515 ³
289 1507 299 1526 .·
313 1499 338 1525 Α
354 1499 489 1531 fructibus
505 1506 594 1524 eorum
609 1500 768 1532 cognoscetis
787 1507 837 1526 eos.
853 1499 908 1526 Hu-

130 1546 238 1574 militas
258 1545 347 1573 etiam
368 1553 398 1573 se
422 1545 566 1572 incinerat
583 1547 611 1572 et
629 1545 805 1580 pulverizat,
825 1546 906 1574 etsie

129 1593 248 1621 suavius
262 1593 387 1628 fragrat,
404 1592 478 1619 sicut
497 1592 599 1619 herbae
620 1594 648 1619 et
665 1592 778 1628 species
792 1601 907 1621 aroma-

128 1640 191 1668 ticae
205 1640 273 1676 plus
286 1639 437 1673 redolent,
457 1640 568 1674 quanto
593 1640 659 1666 sunt
675 1639 817 1667 minutius
833 1640 906 1668 tritae

129 1689 156 1716 et
173 1687 370 1724 pulverizatae.
386 1687 467 1714 Unde
490 1687 596 1715 dicitur
609 1686 640 1714 in
657 1687 775 1714 Canticis
791 1689 819 1715 '·:
843 1690 906 1722 Quoe

127 1738 166 1763 est
179 1737 250 1769 ista,
266 1744 325 1770 quoe
339 1735 460 1762 ascendit
476 1743 525 1769 per·
541 1734 689 1768 desertam,
712 1737 783 1762 sicut
797 1736 905 1769 virgula

127 1784 199 1816 fami
217 1791 250 1809 em
271 1782 436 1810 aromatibus
451 1782 565 1815 myrrlioe
584 1783 608 1808 et
628 1782 731 1816 thuris,
747 1784 772 1809 et
785 1784 905 1810 universi

124 1831 243 1865 pulveris
254 1830 432 1864 pigmentarii
442 1831 455 1856 ί)
469 1830 500 1856 Et
514 1829 691 1863 notandum,
709 1829 791 1865 quod
807 1830 904 1857 omnis

124 1877 215 1904 homo
235 1875 323 1903 debet
339 1884 368 1902 se
389 1875 544 1911 pulverem
566 1877 593 1903 et
614 1876 744 1903 cinerem
766 1878 902 1912 reputare

125 1931 159 1951 ex
173 1925 255 1959 parte
270 1922 380 1957 carnis,
394 1922 431 1949 de
446 1930 506 1958 qua
518 1924 612 1949 certus
628 1925 683 1957 est,
700 1924 782 1959 quod
799 1924 904 1952 efficie-

125 1972 170 1998 tur
180 1970 288 2006 pulvis,
303 1972 334 1997 ut
350 1969 456 1996 dieitur
469 1969 498 1996 in
516 1970 608 1996 Genesi
622 1970 631 1985 ⁵
642 1978 651 1996 :
667 1971 759 1997 Pulvis
775 1979 814 2002 es,
832 1974 857 1998 et
873 1973 902 1998 in

123 2019 257 2052 pulverem
279 2018 428 2044 reverteris.
451 2018 491 2043 Ex
515 2018 597 2051 parte
618 2016 737 2051 animae,
764 2017 852 2044 debet
872 2026 901 2045 se

124 2064 248 2100 quilibet
266 2063 421 2099 pulverem
440 2065 467 2090 et
483 2063 613 2090 cinerem
632 2065 784 2098 reputare,
800 2065 901 2099 praeci-

123 2119 181 2146 pue
203 2112 325 2146 propter
347 2110 422 2137 tria:
447 2109 561 2145 primo,
587 2111 708 2145 propter
727 2110 898 2138 utilitatem:

122 2157 287 2185 sicutenim
299 2156 371 2184 cinis
385 2159 426 2184 est
437 2157 514 2190 vilis,
527 2158 800 2193 quantumcumque
816 2157 902 2185 suerit

123 2204 159 2232 de
174 2204 303 2240 pretiosa
317 2204 449 2237 materia,
463 2203 503 2231 sic
515 2203 614 2231 anima
627 2203 714 2231 valde
730 2203 795 2231 vilis
808 2206 850 2231 est
865 2213 900 2232 ex

122 2252 220 2287 culpa,
234 2251 370 2287 quamvis
380 2251 416 2278 sit
427 2250 513 2278 valde
528 2250 638 2278 nobilis
653 2259 689 2278 ex
703 2253 817 2279 natura.
830 2252 899 2280 ldeo

123 2298 192 2326 dicit
216 2298 368 2326 Psalmista
385 2298 412 2324 ⁶:
439 2297 485 2324 Aa
508 2298 623 2324 nihilum
649 2298 779 2326 derlactus
806 2302 843 2326 est
870 2301 899 2326 in

122 2348 262 2380 conspectu
279 2345 334 2379 ejas
351 2345 497 2379 maliqnus.
514 2345 659 2379 Secundo,
676 2347 797 2381 propter
813 2346 899 2373 resis-

122 2391 201 2418 tendi
217 2391 434 2425 difficultatem,
455 2390 525 2426 quia
540 2391 614 2418 sicut
634 2391 707 2419 einis
726 2393 822 2420 statim
838 2393 897 2420 dis-

120 2438 262 2473 pergitur,
278 2439 305 2465 et
323 2445 383 2465 non
401 2439 496 2473 potest
511 2437 644 2465 resistere
659 2439 779 2466 modico
796 2440 897 2474 statui,

122 2484 162 2511 sic
183 2484 273 2512 homo
296 2492 357 2512 non
381 2486 476 2520 potest
500 2485 631 2512 resistere
655 2486 780 2513 modicae
802 2489 896 2515 lenta-

122 2530 208 2565 tioui,
232 2531 292 2558 imo
313 2531 482 2567 frequenter
500 2531 579 2559 cadit
597 2532 636 2559 ad
651 2533 771 2562 sibilum
786 2534 895 2561 modici

154 2605 162 2621 ¹
173 2604 263 2634 Eccli„
274 2610 345 2636 xxw,
360 2607 399 2629 20.
411 2619 441 2623 —
452 2606 459 2620 ²
474 2606 547 2636 ibid„
564 2612 607 2636 XL,
620 2608 658 2631 22.
669 2620 700 2625 —
710 2607 720 2623 ³
730 2608 830 2637 Mattlz„
848 2615 895 2639 vu,

123 2643 159 2664 lo.
170 2654 199 2657 —
214 2641 223 2656 ⁶
239 2640 322 2671 Cant„
340 2646 380 2671 111,
395 2643 417 2664 6.
429 2655 459 2658 -
470 2642 479 2658 ⁵
493 2642 563 2671 Gen„
580 2648 621 2672 111,
640 2645 676 2667 19.
689 2657 719 2661 -
734 2645 742 2658 ⁶
757 2644 824 2668 Psal.
840 2651 894 2675 x1v,

122 2677 143 2700 4.
157 2690 187 2694 —
199 2677 205 2690 ⁷
218 2676 286 2700 Psal.
297 2682 315 2707 1,
327 2677 349 2700 4.
361 2689 391 2694 ——
401 2677 409 2691 ⁸
422 2677 514 2708 Eccle„
527 2683 573 2708 vu,
588 2680 624 2702 14.
634 2691 663 2696 -
673 2680 683 2696 ⁹
696 2679 761 2704 Psal.
771 2686 858 2711 cxxw,
872 2684 893 2706 1.

966 981 998 1007 Et
1021 980 1095 1008 sicut
1115 981 1283 1016 jumentum
1307 990 1374 1009 eum
1399 983 1495 1011 cauda
1519 992 1550 1012 se
1575 984 1708 1013 defendit
1727 994 1744 1013 a

965 1027 1084 1061 muscis,
1100 1027 1141 1055 sic
1155 1028 1247 1056 homo
1263 1037 1280 1056 a
1295 1029 1456 1058 tentatione
1473 1030 1612 1059 vitiorum
1627 1039 1664 1059 ex
1677 1040 1746 1060 eon·

965 1074 1143 1102 sideratione
1157 1076 1268 1103 mortis.
1285 1078 1358 1104 Nam
1372 1077 1409 1104 de
1424 1079 1579 1113 peccatore
1595 1079 1702 1107 dicitur
1715 1080 1746 1107 in

968 1121 1081 1148 Threizis
1093 1122 1127 1149 ¹⁰.-
1144 1122 1240 1150 Sordes
1254 1123 1311 1157 ejus
1324 1125 1354 1151 in
1367 1124 1491 1159 pedibus,
1504 1125 1535 1152 id
1547 1127 1598 1161 est,
1614 1127 1645 1153 in
1660 1126 1747 1154 affec-

966 1168 1105 1196 tionibus.
1123 1170 1154 1197 Et
1168 1169 1270 1197 subdit
1284 1178 1404 1198 causam
1416 1180 1422 1198 :
1440 1173 1510 1205 Quia
1521 1180 1574 1199 non
1590 1175 1747 1202 recordatus

965 1218 1004 1242 est
1015 1218 1078 1250 finis
1089 1218 1142 1243 sili.
1154 1217 1289 1245 Secundo
1303 1217 1371 1245 facit
1381 1219 1530 1246 mundum
1540 1221 1745 1256 eontemnere3

965 1262 1045 1290 unde
1069 1263 1139 1290 dicit
1160 1263 1355 1300 Hieronymus
1372 1265 1412 1292 ¹¹:
1434 1275 1447 1291 α
1468 1266 1563 1293 Facile
1586 1268 1747 1296 contemnit

965 1309 1076 1344 omnia,
1089 1310 1140 1346 qui
1154 1319 1184 1338 se
1197 1319 1314 1347 semper
1324 1312 1433 1347 cogItat
1446 1313 1633 1342 moriturum.
1651 1316 1745 1342 »Nam

966 1357 1204 1393 concupiscentia
1222 1358 1378 1386 oculorum
1400 1361 1606 1395 contemnitur,
1623 1362 1745 1397 quando

965 1404 1030 1439 quis
1053 1405 1161 1439 cogitat
1183 1413 1213 1433 se
1231 1406 1262 1433 in
1282 1408 1390 1434 terram
1413 1415 1619 1443 reversurum,
1636 1417 1746 1436 concu-

963 1451 1106 1486 piscentia
1126 1452 1221 1479 carnis
1237 1452 1424 1488 deprimitur,
1441 1454 1564 1489 quando
1584 1455 1650 1491 quis
1665 1457 1745 1491 eogi-

963 1499 1014 1532 tat,
1032 1498 1114 1534 quod
1129 1507 1236 1535 corpus
1252 1500 1281 1527 in
1297 1500 1409 1527 deliciis
1424 1501 1577 1535 nutritum,
1594 1503 1647 1530 erit
1661 1503 1745 1531 cibus

963 1545 1129 1579 vermium;
1151 1546 1292 1582 superbia
1310 1547 1376 1574 vitae
1392 1548 1598 1583 contemnitur,
1622 1550 1743 1586 quando

963 1591 1030 1627 quis
1044 1592 1163 1627 cogitat,
1176 1593 1258 1629 quod
1269 1593 1320 1621 ille
1336 1594 1386 1630 qui
1403 1595 1466 1622 vult
1480 1603 1542 1623 esse
1554 1603 1643 1632 super
1658 1597 1743 1632 ali05,

961 1642 1088 1676 ponetur
1103 1641 1158 1668 sub
1174 1643 1266 1676 terra,
1290 1650 1356 1678 quae
1372 1644 1415 1670 est
1435 1643 1573 1671 infimum
1585 1645 1744 1673 elemento-

960 1694 1037 1714 rum.
1054 1687 1147 1715 Tertio
1162 1687 1231 1716 facit
1248 1688 1378 1724 seipsum
1392 1689 1554 1726 despicere,
1570 1693 1607 1726 et,
1623 1694 1745 1728 propter

960 1733 1174 1762 resolutionem
1193 1735 1232 1762 ad
1251 1737 1377 1770 terram,
1397 1737 1428 1764 in
1447 1738 1585 1774 suiipsius
1598 1740 1744 1775 cognitio-

960 1788 1030 1808 nem
1054 1781 1166 1809 venire.
1188 1782 1243 1815 Qui
1268 1783 1377 1811 modus
1401 1786 1618 1821 cognoscendi,
1640 1795 1744 1814 secun-

962 1827 1035 1854 dum
1053 1827 1276 1864 Philosophum,
1289 1833 1331 1858 est
1346 1831 1522 1859 certissimus
1537 1832 1612 1860 inter
1627 1841 1739 1862 omnes.

959 1875 1118 1910 Propterea
1141 1875 1247 1904 dicitur
1269 1877 1300 1904 in
1322 1877 1438 1906 Psalmo
1454 1878 1494 1906 ¹2:
1519 1880 1613 1907 Sciant
1637 1883 1741 1916 gentes,

959 1923 1085 1955 quoniam
1104 1922 1221 1950 homines
1242 1927 1320 1958 sunt,
1339 1925 1371 1952 id
1388 1927 1444 1958 est,
1461 1926 1498 1953 de
1514 1926 1615 1954 humo.
1633 1929 1741 1961 Quarto

957 1967 1026 1995 facit
1046 1969 1137 1996 vitam
1154 1972 1329 2005 praesentem
1344 1974 1421 1999 reete
1437 1980 1557 2007 regere:
1575 1974 1648 2001 sicut
1663 1975 1742 2002 enim

959 2015 1142 2049 gubernator
1156 2017 1239 2044 navis
1259 2026 1290 2044 se
1306 2018 1390 2053 ponit
1411 2019 1440 2045 in
1454 2020 1565 2054 cauda,
1582 2022 1615 2047 ut
1634 2021 1741 2048 rectius

959 2062 1104 2096 gubernet
1122 2071 1247 2098 navem,·
1264 2064 1305 2091 sic
1324 2065 1375 2100 qui
1390 2065 1420 2092 in
1435 2066 1511 2093 mari
1534 2067 1621 2101 hujus
1635 2068 1742 2096 mundi

958 2108 1020 2136 vult
1040 2111 1116 2136 recte
1139 2111 1166 2137 et
1191 2118 1293 2139 secure
1317 2112 1476 2148 navigare,
1502 2114 1665 2143 novissima
1687 2124 1741 2144 sua

958 2155 1047 2182 debet
1070 2156 1199 2191 cogitare
1220 2158 1268 2185 vel
1296 2159 1457 2187 recordari.
1484 2162 1558 2188 Nam
1581 2161 1687 2189 dicitur
1710 2163 1740 2190 in

956 2202 1141 2230 Ecclesiastico
1155 2205 1187 2231 ¹³:
1204 2206 1351 2233 Memorare
1366 2208 1522 2241 novissima,
1537 2211 1561 2235 et
1570 2210 1599 2235 in
1613 2211 1740 2237 (eternam

956 2257 1008 2276 non
1023 2251 1154 2284 peccabis.
1173 2251 1280 2285 Quinto
1303 2252 1372 2280 facit
1391 2255 1469 2281 recte
1489 2256 1653 2291 temperare
1669 2265 1740 2292 prae-

957 2298 1067 2324 sentem
1083 2297 1213 2326 laetitiam
1227 2308 1233 2326 :
1252 2299 1329 2328 Sicut
1344 2301 1423 2328 enim
1443 2301 1523 2329 fatua
1539 2305 1581 2330 est
1595 2311 1662 2331 esca
1675 2304 1737 2331 sine

957 2344 1035 2378 sale,
1051 2345 1092 2372 sic
1113 2354 1242 2381 praesens
1255 2348 1354 2375 laetitia
1374 2350 1415 2376 est
1436 2348 1536 2385 inepta
1555 2351 1617 2378 sine
1635 2351 1736 2378 mortis

1762 967 1830 987 mine.

957 2392 1203 2428 consideratione,
1214 2394 1306 2422 instar
1318 2395 1396 2422 salis.
1409 2396 1538 2424 Duleedo
1549 2397 1652 2425 laetitiae
1668 2400 1738 2426 tem·
1756 2437 1759 2439 Ι

954 2439 1075 2474 poralis,
1087 2440 1225 2468 miscetur
1236 2450 1303 2469 oum
1316 2443 1513 2471 amaritudine
1527 2445 1629 2472 mortis
1636 2455 1644 2479 3
1656 2445 1735 2472 unde

956 2485 1060 2514 dieitur
1070 2486 1102 2514 in
1113 2489 1299 2516 Ecclesiastico
1312 2489 1345 2517 ¹⁶:
1359 2491 1379 2517 Ο
1395 2498 1475 2523 mors,
1491 2500 1580 2526 qaam,
1592 2500 1686 2519 amara
1697 2496 1735 2520 est

953 2574 983 2578 —
1006 2562 1021 2575 ¹⁰
1044 2562 1142 2592 Thren„
1165 2568 1188 2592 1,
1203 2564 1225 2586 9.
1242 2575 1272 2579 —
1291 2562 1309 2578 ¹¹
1324 2563 1439 2592 Hieron..
1457 2564 1486 2587 de
1503 2566 1593 2595 reyz‘rn.
1610 2567 1732 2597 Monach„

954 2597 991 2620 ut.
1004 2597 1033 2621 [le
1046 2598 1152 2621 timendo
1168 2598 1213 2622 ult.
1225 2598 1306 2622 leclic.
1319 2612 1349 2616 —
1365 2600 1380 2613 ¹²¹
1391 2600 1458 2624 Psal.
1475 2606 1510 2630 ix,
1522 2602 1560 2624 21.
1574 2613 1602 2618 —
1616 2602 1633 2617 ¹³
1644 2602 1732 2633 Ecca„

953 2639 998 2660 vn,
1017 2636 1080 2656 1.-
1096 2633 1114 2649 ¹⁴
1130 2634 1221 2662 Eeclz'„
1237 2639 1291 2664 xLi,
1310 2636 1330 2658 l.

986 2680 1018 2710 (a)
1035 2680 1096 2705 Caet.
1112 2680 1171 2705 etlz't.
1188 2680 1247 2705 odel.
1264 2688 1328 2712 quae.
1346 2695 1375 2700 —
1392 2682 1424 2713 (ὁ)
1445 2682 1505 2707 Caet.
1521 2683 1581 2707 edit.
1597 2684 1730 2709 memoria.
