2004 3037
62 1404 146 1424 'ri-inde

46 1441 140 1461 praecep-

40 1465 68 1486 tis
94 1466 147 1486 divi-

39 1497 74 1517 nis
97 1503 148 1518 con-

65 1528 121 1549 side-

54 1559 130 1580 randa.

642 245 691 278 DE
713 244 942 278 PRAECEPTIS
965 244 1124 279 DIVINIS.
1150 245 1236 277 CAP.
1262 245 1284 277 Ι.

158 316 238 344 enim
262 316 313 345 dat
339 315 570 353 eleemosynam,
594 313 716 343 laudem
738 313 809 342 vitet
829 313 935 342 huma-

157 370 228 390 nam
245 372 251 391 :
271 371 342 391 nam
360 363 466 391 dicitur
480 364 490 381 ¹
509 371 516 390 :
540 363 574 390 Te
588 363 677 389 autem
696 362 812 394 faciente
826 362 935 388 eleemo-

157 417 261 444 synam,
274 411 384 442 nesciat,
399 410 454 438 etc.
469 408 666 443 Debetetiam,
680 407 730 444 qui
744 407 795 435 dat
808 407 936 435 eleemo-

158 465 280 493 synam,
299 465 360 485 non
377 457 499 493 propter
518 455 576 484 hoc
594 463 759 492 pauperem
774 454 936 490 despicere,

159 503 230 540 quia
250 503 356 532 dicitur
375 505 385 521 ²
407 513 413 531 τ
434 504 469 530 Et
493 511 599 531 carnem
619 505 694 530 tuam
716 510 749 529 oze
773 501 936 537 despexeris.

159 551 216 578 Nec
236 550 324 578 debet
342 549 472 586 seipsum
492 549 555 577 sine
571 549 760 585 eleemosyna
781 547 937 583 dimittere,

160 596 212 633 qui
232 596 295 625 vult
309 596 373 624 aliis
397 595 565 624 misericors
585 604 657 624 csse.
682 595 788 623 Dicitur
811 595 890 623 enim
905 595 935 623 ³:

160 645 288 672 Miserere
306 645 404 671 animae
420 645 486 677 tuoe,
501 644 610 679 placens
626 644 689 670 Deo.
709 644 741 670 Et
761 642 938 677 Augustinus

160 690 191 718 in
205 690 362 718 Euchiridto
372 690 405 726 (α)
419 691 448 718 ⁶:
463 699 476 717 ‹<
492 690 546 724 Qui
558 689 622 718 vult
628 689 850 726 eleemosynam
861 689 940 718 ordi-

1709 247 1768 278 275

991 315 1060 342 nate
1071 313 1153 348 dare,
1169 321 1187 342 a
1203 313 1300 350 seipso
1316 312 1405 341 debet
1420 312 1586 349 incipere.»
1600 312 1680 341 Sicut
1691 313 1771 342 enim

991 368 1054 389 non
1070 360 1190 389 deberet
1200 360 1258 388 dici
1273 359 1455 394 misericors,
1472 359 1522 396 qui
1538 360 1682 388 extraneis
1694 360 1772 389 face-

992 410 1036 436 ret
1050 407 1298 442 misericordiam,
1315 409 1343 435 et
1355 407 1440 434 matri
1454 407 1583 443 propriae
1602 407 1731 435 crudelis
1745 409 1773 436 et

993 454 1203 483 immisericors
1226 456 1319 489 esset;
1349 454 1390 482 sic
1413 454 1508 482 multo
1532 454 1630 482 minus
1645 454 1774 483 dicenda

994 503 1037 529 est
1056 502 1277 536 misericordia,
1296 500 1344 529 vel
1367 500 1567 537 eleemosyna,
1589 509 1680 537 quam
1707 502 1773 538 quis

994 548 1104 577 faceret
1117 548 1199 582 aliis,
1214 548 1314 576 anima
1332 555 1385 575 sua
1399 547 1550 583 neglecta,
1566 548 1594 575 et
1607 547 1638 575 in
1652 549 1773 584 peccato

996 595 1128 623 dimissa.
1149 595 1231 623 Unde
1251 594 1358 623 dicitur
1378 594 1388 611 ὅ
1407 603 1413 622 :
1439 595 1493 628 Qui
1512 595 1565 622 sibi
1587 602 1702 630 nequam
1723 598 1772 628 est,

996 644 1040 670 cuz·
1062 642 1167 670 bonus?
1181 643 1214 670 Et
1232 641 1413 678 Augustinus
1427 650 1433 669 :
1452 650 1466 668 ι(
1491 641 1567 676 Quid
1579 643 1622 670 est
1639 641 1774 670 miserius

995 689 1104 718 misero
1119 697 1181 718 non
1195 689 1352 718 miserante
1367 689 1424 718 sibi
1439 688 1515 726 ipsi?
1529 700 1544 717 »

661 941 940 984 TITULUS

991 942 1278 984 TERTIUS

763 1052 807 1079 DE
826 1051 1027 1080 PRAECEPTIS
1048 1051 1176 1080 DIVINIS

907 1160 1027 1167 ——-.

373 1255 516 1289 CAPUT
540 1255 724 1289 PRIMUM.

332 1328 370 1354 De
394 1329 537 1363 prceceptz's
564 1328 594 1355 in
622 1329 765 1355 communi.

196 1397 355 1432 Postquam
378 1396 490 1424 dictum
510 1398 552 1424 est
567 1396 604 1424 de
628 1396 815 1432 poenitentia,
839 1396 939 1424 dicen-

162 1443 235 1470 dum
258 1446 299 1470 est
320 1443 357 1470 de
380 1443 548 1479 praeceptis,
569 1443 639 1479 quia
663 1443 724 1471 haec
747 1445 788 1470 est
809 1443 939 1471 secunda

162 1489 246 1518 diaeta
270 1489 383 1524 salutis,
408 1489 516 1517 scilicet
536 1498 554 1517 a
575 1490 746 1526 poenitentia
771 1490 872 1517 venire
900 1489 939 1517 ad

160 1538 314 1573 praecepta.
339 1538 371 1564 Et
397 1536 465 1564 ideo
493 1538 564 1564 nota
591 1536 628 1564 de
653 1537 805 1572 praeceptis
830 1536 939 1563 divinis

160 1583 326 1619 specialiter
340 1583 405 1618 tria,
422 1583 551 1611 scilicet:
569 1583 696 1619 qualiter
711 1584 779 1610 sunt
793 1583 939 1619 descripta

160 1631 372 1668 indelebiliter;
390 1631 526 1659 distincta
539 1631 770 1666 rationabiliter;
783 1631 862 1659 edita
876 1631 939 1659 uni-

161 1678 322 1706 versalitcr.

196 1724 278 1752 Circa
291 1726 507 1761 praeceptorum
523 1725 753 1761 descriptionem
769 1727 811 1753 est
830 1727 938 1753 notan-

162 1771 246 1805 dum,
267 1772 350 1807 quod
368 1771 407 1799 ad
422 1772 644 1800 observandum
663 1775 810 1808 praecepta
826 1773 937 1808 divina,

162 1818 250 1846 debet
261 1827 316 1846 nos
330 1827 452 1846 monere
462 1821 677 1855 praeceptorum
690 1819 834 1855 scriptura
845 1820 939 1856 tripli-

162 1864 246 1899 citer,
262 1865 286 1892 si
300 1865 486 1893 attendamus
502 1866 567 1901 quis
589 1866 720 1902 scripsit,
736 1866 789 1894 ubi
804 1866 937 1902 scripsit,

163 1913 192 1938 et
212 1919 272 1947 quo
291 1912 384 1939 modo
408 1911 533 1947 scripsit.
556 1912 653 1940 Primo
669 1913 747 1940 enirn
769 1913 793 1940 si
813 1913 938 1949 quaeris,

164 1957 230 1993 quis
245 1958 378 1993 scripsit?
397 1958 503 1986 dicitur
518 1959 601 1995 quod
617 1959 725 1994 digitus
746 1959 815 1994 Dei,
830 1959 941 1988 scilicet

163 2005 286 2040 Spiritus
301 2007 427 2032 sanctus,
447 2005 595 2041 Scriptura
612 2007 691 2033 enim
710 2006 806 2041 magis
825 2008 867 2034 est
888 2014 940 2034 au-

164 2051 291 2079 thentica
310 2052 337 2078 et
357 2051 424 2087 plus
442 2052 647 2086 observanda,
665 2053 787 2087 quando
809 2061 862 2088 per
877 2061 940 2080 ma-

164 2106 238 2125 num
247 2098 359 2134 publici
376 2097 545 2125 tabellionis
564 2100 607 2125 est
623 2099 763 2126 confecta.
781 2101 834 2127 Iste
851 2099 941 2127 tabel-

165 2144 205 2172 lio
230 2147 272 2172 est
294 2144 416 2180 Spiritus
440 2146 567 2179 sanctus,
592 2145 700 2172 scilicet
723 2146 775 2182 qui
798 2153 834 2173 ex
848 2146 941 2174 nihilo

164 2190 230 2218 fecit
251 2190 360 2218 coelum
380 2192 408 2218 et
429 2192 555 2226 terram,
577 2193 605 2219 et
620 2192 721 2219 omnia
736 2192 897 2227 elementa,
915 2194 943 2221 et

166 2245 273 2273 corpus
285 2237 388 2265 Christi
401 2237 541 2265 formavit
556 2239 585 2265 in
604 2238 742 2273 virginali
757 2241 851 2273 utero,
867 2240 942 2268 etde

165 2284 286 2320 pulvere
313 2283 453 2312 formavit
477 2293 604 2320 corpora
629 2287 738 2313 nostra.
769 2287 839 2313 ltem
863 2286 943 2314 idem

166 2330 281 2366 scripsit
295 2330 398 2358 decem
412 2334 559 2367 praecepta
575 2341 581 2359 ;
598 2332 647 2359 ille
663 2333 741 2360 enim
757 2334 799 2360 est
813 2333 944 2360 notarius

167 2376 316 2412 publicus,
328 2377 380 2413 qui
390 2377 457 2404 fecit
466 2377 694 2406 instrumentum
707 2379 744 2407 de
755 2380 944 2407 matrimonio

169 2423 252 2459 quod
271 2424 424 2459 conjunxit
440 2424 489 2451 Dei
510 2425 615 2452 Filium
633 2426 664 2453 in
678 2426 791 2462 virgine
807 2428 945 2462 Ecclesia,

171 2471 236 2498 etin
247 2474 347 2499 nostra
361 2479 457 2498 carne.
474 2473 507 2499 Et
522 2471 583 2507 ipse
597 2472 712 2508 scripsit
728 2475 944 2509 testamentum,

172 2517 254 2552 quod
268 2517 401 2545 condidit
415 2517 543 2546 Christus
557 2518 588 2546 in
602 2527 704 2554 cruce,
717 2520 747 2547 in
761 2529 822 2556 quo
838 2521 947 2556 legavit

172 2562 307 2598 spiritum
328 2565 385 2592 Deo
406 2565 497 2599 Patri,
517 2567 642 2593 matrem
665 2567 787 2601 Joanni,
810 2570 838 2595 et
862 2569 946 2595 Para-

207 2637 212 2651 ¹
228 2636 328 2667 Malta,
343 2643 378 2667 v1,
394 2638 416 2661 3.
431 2651 459 2655 —
474 2639 485 2654 ἱ
502 2638 561 2670 Ιεα.,
579 2645 651 2668 Lvm,
669 2641 692 2663 Ἰ.
711 2653 741 2658 -
757 2641 766 2655 ³
780 2641 870 2670 Ecclz'„
886 2648 947 2672 xxx,

173 2672 213 2697 24.
234 2684 261 2690 —
280 2672 288 2686 ⁴
311 2674 387 2703 Aug„
406 2673 547 2705 Encln'rz'd„
567 2682 590 2699 c.
609 2681 695 2699 Lxxw.
709 2689 740 2694 —
755 2677 765 2693 ὅ
786 2676 876 2703 Ecclz'.,
893 2684 947 2708 xiv,

175 2709 198 2733 5.
213 2720 245 2727 -
258 2708 267 2722 ⁶
281 2708 365 2735 Dent..
384 2714 418 2738 ix,
434 2711 473 2733 10.
487 2722 519 2728 —
531 2710 538 2724 ⁷
554 2710 601 2735 Vel
614 2713 713 2743 auctor,
726 2712 841 2744 quisquis
852 2712 894 2737 ille
907 2713 950 2744 sit,

997 1255 1097 1283 disum
1110 1255 1228 1284 latroni.
1242 1257 1296 1284 Iste
1311 1256 1434 1285 tabellio
1450 1257 1558 1286 scribet
1567 1257 1599 1285 in
1614 1257 1776 1293 diejudicii

996 1302 1165 1339 aequitatem
1178 1302 1287 1331 divinae
1302 1303 1459 1332 sententiae.
1476 1305 1529 1332 Iste
1544 1304 1651 1333 scribet
1666 1305 1776 1334 electos

995 1349 1026 1376 in
1044 1349 1121 1377 libro
1143 1349 1218 1378 vitae.
1244 1352 1277 1378 Et
1301 1350 1441 1386 breviter,
1465 1350 1518 1379 iste
1543 1352 1651 1380 scribet
1672 1360 1775 1382 omnes

996 1396 1111 1425 chartas
1140 1398 1167 1424 et
1190 1398 1368 1433 scripturas,
1397 1400 1425 1426 et
1447 1398 1640 1427 instrumenta
1661 1399 1773 1429 divina.

995 1443 1070 1470 Bene
1087 1443 1175 1478 igitur
1195 1444 1384 1472 observanda
1399 1446 1442 1472 est
1456 1448 1672 1482 praeceptorum
1686 1447 1775 1483 scrip-

995 1490 1072 1517 tura.
1093 1490 1177 1517 Unde
1194 1490 1300 1518 dicitur
1315 1491 1326 1509 ⁶
1347 1501 1353 1519 z
1371 1493 1442 1519 Deus
1461 1493 1538 1520 dedit
1557 1495 1646 1528 Moysi
1667 1494 1774 1522 tabulas

994 1538 1120 1571 scriptas,
1136 1539 1275 1573 utrasque
1292 1539 1379 1573 (licito
1396 1540 1444 1566 Dei
1459 1539 1529 1568 vivi.

1032 1584 1184 1618 Secundo,
1201 1584 1224 1611 si
1244 1593 1358 1620 quaeras
1379 1585 1432 1613 ubi
1451 1586 1579 1622 scripsit3
1595 1586 1673 1623 dico,
1689 1589 1773 1624 quod

995 1630 1026 1658 in
1041 1630 1134 1658 tribus
1147 1631 1235 1665 locis,
1249 1632 1358 1660 scilicet
1376 1632 1407 1659 in
1423 1632 1574 1669 lapidibus
1585 1635 1772 1671 marmoreis,

994 1677 1026 1705 in
1039 1678 1190 1713 profundo
1205 1678 1332 1714 pectoris
1343 1700 1352 1713 ,
1368 1681 1396 1707 et
1409 1679 1440 1707 in
1453 1688 1634 1716 pergameno
1649 1681 1773 1710 humani

996 1724 1103 1752 cordis.
1126 1726 1165 1752 De
1180 1725 1324 1761 scriptura
1338 1727 1511 1761 marmoris,
1526 1730 1597 1756 nota
1611 1729 1695 1764 quod
1710 1729 1772 1758 duo

995 1769 1114 1799 suerunt
1136 1772 1219 1808 paria
1247 1773 1418 1801 tabularum
1431 1783 1438 1802 :
1464 1775 1567 1810 primae
1592 1778 1658 1811 post
1685 1776 1774 1813 scrip-

995 1818 1092 1845 turam
1114 1818 1234 1846 fuerunt
1255 1819 1375 1855 fractae3
1400 1821 1491 1849 instar
1511 1822 1630 1850 illarum
1655 1822 1775 1851 fuerunt

996 1864 1060 1892 aliae
1074 1868 1232 1893 renovatas.
1255 1867 1357 1895 Primae
1375 1867 1543 1903 significant
1561 1869 1772 1905 innocentiam,

996 1912 1134 1939 secundae
1143 1913 1357 1947 pcenitentiam.
1369 1915 1402 1942 Et
1412 1914 1479 1942 ideo
1493 1915 1516 1942 si
1528 1916 1680 1952 contingat
1689 1917 1774 1945 tabu-

996 1957 1039 1986 las
1054 1958 1229 1987 innocentiae
1249 1960 1362 1996 frangi,
1379 1961 1488 1990 debent
1501 1963 1606 1991 saltem
1626 1966 1775 2000 praecepta

996 2005 1027 2032 in
1041 2006 1151 2033 tabulis
1168 2007 1345 2042 poenitentiae
1360 2009 1524 2037 transcribi.
1542 2011 1588 2037 Est
1607 2010 1686 2038 enim
1701 2011 1774 2039 mire

997 2054 1127 2086 cautum,
1143 2054 1227 2088 quod
1249 2054 1275 2081 si
1298 2055 1491 2083 instrumenta
1505 2058 1647 2084 vetustate
1663 2057 1711 2085 vel
1725 2057 1776 2085 ali-

998 2107 1058 2134 quo
1074 2107 1143 2126 casu
1166 2102 1340 2136 consumpta
1356 2104 1438 2136 sunt,
1460 2110 1512 2138 per
1531 2111 1655 2132 manum
1669 2105 1776 2133 notarii

999 2146 1214 2181 exemplanda,
1231 2147 1368 2176 eamdem
1383 2149 1588 2178 auctoritatem
1603 2159 1671 2178 cum
1686 2151 1776 2187 origi-

998 2193 1117 2221 nalibus
1131 2194 1269 2223 habitura
1284 2195 1341 2223 sint
1357 2205 1363 2223 :
1390 2196 1461 2232 quia
1476 2197 1649 2233 poenitentia
1662 2199 1778 2227 reducit

999 2239 1030 2267 in
1045 2240 1173 2275 gradum
1194 2242 1366 2277 pristinum,
1381 2245 1409 2270 et
1429 2251 1532 2272 omnes
1550 2244 1681 2273 defectus
1695 2254 1778 2274 revo-

1000 2290 1045 2315 cat
1060 2289 1098 2315 ad
1112 2288 1286 2323 perfectum,
1301 2291 1334 2316 ut
1348 2289 1418 2317 dicit
1430 2292 1607 2326 Augustinus
1621 2293 1671 2320 ⁷in
1685 2294 1779 2329 Hypo—

1000 2336 1116 2367 qnostico
1133 2335 1180 2370 (b).
1201 2335 1282 2363 Unde
1299 2336 1369 2364 dicit
1391 2338 1532 2365 Dominus
1547 2339 1638 2375 Moysi
1654 2340 1665 2357 ⁸
1680 2349 1687 2368 z
1704 2341 1779 2367 Proe-

1001 2381 1059 2408 cide
1074 2381 1141 2408 duas
1154 2382 1261 2409 tabulas
1277 2383 1399 2417 lapideas
1414 2386 1503 2411 instar
1520 2387 1658 2420 priorum,
1674 2390 1699 2413 et
1716 2388 1780 2414 scri-

1003 2428 1062 2454 bam
1077 2436 1157 2463 super
1166 2437 1219 2460 eus,
1232 2437 1291 2464 quoe
1304 2430 1453 2457 habuerunt
1468 2432 1566 2459 tabuloe
1580 2441 1647 2467 quas
1657 2433 1780 2467 fregisti.¹

1002 2475 1039 2501 De
1054 2474 1198 2510 scriptura
1210 2478 1424 2511 praeceptorum
1439 2477 1469 2505 in
1485 2478 1585 2513 corde,
1600 2481 1679 2513 nota,
1697 2480 1781 2515 quod

1002 2520 1032 2548 in
1047 2521 1102 2549 hac
1117 2522 1261 2557 scriptura
1270 2523 1405 2559 scriptor,
1419 2527 1451 2552 ut
1463 2524 1603 2560 diximus,
1618 2527 1661 2554 est
1671 2526 1780 2562 digitus

1002 2595 1060 2619 libri
1073 2596 1112 2619 cui
1123 2596 1160 2620 tit.
1172 2597 1377 2628 Hypoqnostz'con,
1390 2599 1442 2622 sive
1452 2600 1668 2630 Hypomnestz'con,
1678 2602 1723 2626 lib.
1738 2603 1780 2634 iii,

1003 2631 1078 2662 paulo
1090 2634 1149 2662 post
1159 2633 1238 2659 med„
1250 2632 1316 2657 inter
1329 2636 1404 2664 (tper.
1419 2635 1444 2659 S.
1460 2636 1534 2666 Aug,
1548 2637 1658 2667 append.
1673 2640 1736 2662 tom.
1750 2640 1781 2663 Χ.

1004 2679 1033 2685 -
1046 2667 1054 2681 ⁸
1069 2667 1157 2698 Ezod„
1174 2674 1264 2697 XXXIV,
1281 2671 1302 2692 1.

1037 2714 1069 2745 (a)
1086 2715 1148 2739 Caet.
1165 2715 1225 2740 edit.
1236 2715 1442 2740 Emollit-idiom—
1453 2716 1487 2748 (b)
1500 2718 1563 2742 item
1574 2719 1782 2751 Hypoqnosticon.
