2004 3037
560 154 609 186 DE
632 152 832 187 DUODECIM
854 152 1073 186 FRUCTIBUS
1095 152 1289 186 SPIRITUS.
1314 152 1401 185 CAP.
1426 153 1450 184 1.

198 224 326 259 danum,
353 223 427 252 sicut
449 223 553 251 vinum
577 230 646 250 eum
669 229 749 258 aqua
771 221 913 256 mixtum,
938 221 978 249 ad

198 270 410 299 inebriandum
432 270 664 304 debilissimum,
688 270 715 298 et
735 268 915 304 insipidum3
941 268 978 296 de

199 326 260 354 quo
283 317 390 346 (11011111
412 320 420 334 ¹
440 326 446 345 :
473 318 573 346 Vinum
596 319 669 344 tuum
683 317 809 343 -miaetum
829 317 867 342 cst
887 323 977 349 aqua:

200 365 288 401 quia,
311 366 343 392 ut
366 364 436 393 dicit
458 362 617 398 Boetius2,
642 373 656 389 «
680 361 808 390 dulcedo
834 361 980 390 felicitatis

198 411 352 446 humanae,
367 411 467 440 multis
482 409 731 439 amaritudinibus
746 409 789 436 051
803 416 946 444 respersa.
964 418 978 435 11

200 459 233 486 Et
252 458 437 493 notandum,
454 457 538 495 quod
559 456 703 493 gaudium
723 455 889 483 humanum
913 463 981 483 cum

201 505 318 535 duobus
346 508 387 534 est
416 506 597 540 admixtum,
623 504 732 533 scilicet
755 513 823 532 cum
846 511 982 532 remorsu

202 553 401 588 conscientiae,
422 554 449 581 et
463 552 663 581 sollicitudine
680 551 837 580 cruciante.
862 553 983 579 Remor-

202 609 251 628 sus
266 599 449 628 conscientiae
461 601 504 628 est
517 599 591 627 sicut
606 598 775 633 infirmitas,
792 606 858 634 quae
875 597 982 625 dicitur

202 647 300 683 regius
312 646 445 681 morbus,
461 646 513 683 qui
527 646 606 674 rodit
617 654 747 680 carnem,
762 647 790 673 et
805 647 847 673 est
861 652 983 679 magna-

201 702 269 722 rum
291 701 498 730 expensarum.
525 693 606 721 Unde
635 692 740 720 dicitur
768 691 881 727 regius,
912 691 984 727 quia

203 743 319 777 oportet
335 741 419 777 quod
432 749 469 769 ex
484 740 603 776 gallinis
620 741 647 768 ct
661 740 726 768 aliis
742 739 873 767 delicatis
892 738 986 766 carni—

203 788 260 816 bus
284 789 408 816 morbus
434 788 485 815 ille
510 789 664 823 pascatur,
691 795 758 823 quae
775 794 863 822 super
883 786 984 813 locum

203 835 302 863 morbi
316 837 479 871 ponuntur,
494 843 531 862 ne
547 843 614 862 caro
631 835 757 862 totaHtcr
773 834 964 861 consumatur
976 841 984 867 ;

205 884 479 918 quantumcumque
504 884 602 910 tamen
618 889 687 908 caro
712 882 867 917 pascatur,
888 882 986 907 tamen

204 929 272 965 plus
292 928 476 956 consumitur
499 937 516 956 a
531 928 639 956 morbo
664 935 756 964 quam
779 929 955 954 sustentetur
970 934 988 953 a

205 975 347 1003 fomento.
365 977 404 1003 lta
418 975 449 1003 in
464 975 575 1011 gaudio
595 974 712 1009 mundi,
732 974 799 1010 plus
815 973 987 1001 0111010110-

205 1030 322 1051 morsus
349 1022 555 1056 conscientiae,
586 1029 678 1057 quam
707 1021 832 1048 delectet
859 1019 987 1047 dulcedo

202 1069 395 1105 jucunditatis
403 1069 577 1096 transitoriae
588 1070 616 1096 et
626 1067 797 1095 mundanas.
806 1067 942 1094 Secundo
952 1066 987 1101 (a)

207 1116 351 1152 gaudium
369 1116 558 1143 mundanum
580 1117 622 1143 est
644 1115 772 1142 mixtum
793 1123 861 1142 cum
877 1113 988 1141 sollici-

206 1164 309 1192 tudine
331 1164 489 1191 cruciante.
511 1162 685 1191 Sollicitudo
712 1162 791 1190 enim
812 1163 901 1196 auget
922 1169 988 1188 cru-

208 1212 336 1246 ciatum,
353 1211 442 1247 quia,
469 1213 501 1239 ut
525 1211 595 1238 dicit
621 1209 827 1241 Bernardus³‚
853 1208 990 1236 «divitiae

207 1259 369 1287 mundanae
383 1267 451 1287 cum
464 1259 568 1286 labore
581 1258 787 1294 acquiruntur,
799 1265 869 1284 cum
885 1256 990 1284 timore

207 1306 405 1342 possidentur,
416 1307 451 1333 ·et
472 1314 540 1334 cum
555 1305 659 1333 dolore
675 1305 859 1333 amittuntur.
876 1313 889 1330 >³
908 1302 990 1330 Unde

208 1360 310 1381 versus
327 1362 334 1381 :

225 1427 302 1452 Dives
317 1428 418 1452 divitias
433 1434 486 1451 non
501 1428 642 1458 congregat
657 1426 754 1457 absque
772 1425 870 1454 labore,

224 1465 282 1489 Non
293 1465 363 1488 tenet
375 1464 471 1494 absque
485 1465 563 1493 metu,
577 1469 629 1486 non
641 1462 734 1486 desinit
748 1461 844 1492 absque
860 1460 959 1484 dolore.

246 1542 381 1571 Secunda
396 1541 561 1570 differentia
576 1540 736 1577 spiritualis
748 1539 850 1575 gaudii
867 1540 908 1566 est
925 1546 994 1566 con-

210 1590 328 1618 tinuitas
352 1592 379 1618 et
405 1589 638 1617 discontinuitas.
664 1587 820 1624 Spirituale
847 1585 993 1621 gandium

211 1639 254 1666 est
281 1637 455 1665 continuum
483 1638 510 1664 et
539 1643 693 1670 securum,
723 1633 803 1662 unde
833 1633 941 1660 dicitur
956 1632 966 1648 ¹⁹
983 1641 989 1659 :

210 1685 309 1713 Secura
323 1692 396 1712 mens
408 1685 487 1719 quasi
498 1684 564 1718 juqe
581 1684 742 1710 convivium.
760 1680 907 1709 Gaudium
922 1688 992 1707 vero

210 1732 398 1761 mundanum
413 1732 456 1759 est
470 1731 560 1758 breve
577 1731 604 1758 et
619 1728 839 1762 transitorium,
857 1727 946 1763 quia,
964 1728 994 1755 ut

212 1780 318 1808 dicitur
331 1779 357 1813 ⁵,
374 1778 505 1814 gaudium
521 1779 668 1813 hypocriten
680 1778 770 1803 instar
781 1776 888 1810 puncti.
903 1775 996 1809 Hypo-

211 1829 281 1855 erz'ta
296 1827 402 1854 dicitur
423 1826 475 1853 iste
491 1825 622 1853 mundus
635 1845 643 1858 ,
663 1823 734 1860 quia
757 1821 914 1858 hypocrita
928 1821 995 1848 11001

212 1874 333 1903 interius
354 1874 390 1900 sit
411 1874 582 1908 corruptus,
608 1871 734 1899 exterius
758 1871 857 1897 tamen
872 1871 996 1905 apparet

212 1922 310 1949 bonus
323 1922 350 1948 et
364 1919 495 1947 mundus
504 1929 512 1954 ;
528 1919 559 1946 in
573 1918 694 1946 veritate
709 1917 817 1951 malus,
833 1918 860 1944 et
874 1916 994 1943 foetidus

213 1968 343 2001 interius,
360 1966 486 1994 exterius
499 1968 598 1993 tamen
610 1967 652 1992 est
664 1964 788 1991 floridus
802 1965 828 1991 et
841 1965 992 1990 venustus.

213 2016 244 2042 Et
258 2014 326 2041 ideo
342 2012 486 2048 gaudium
503 2012 565 2047 ejus
580 2013 622 2039 est
637 2011 734 2038 solum
749 2009 834 2046 quasi
850 2011 993 2045 punctus;

212 2062 302 2089 instar
319 2059 431 2096 puncti,
452 2067 513 2086 non
527 2059 641 2086 habens
656 2057 879 2092 longitudinem
894 2064 996 2092 perse-

211 2108 360 2142 verantiae,
376 2115 431 2134 nec
445 2106 633 2134 latitudinem
645 2105 789 2139 amicitiae,
806 2112 860 2131 nec
876 2103 996 2138 profun-

212 2155 333 2184 ditatem
356 2155 442 2182 bouae
462 2153 647 2182 conscientiae
669 2162 675 2180 ε
701 2153 774 2179 510111
798 2153 924 2187 punctus
943 2151 995 2186 qui

212 2205 290 2231 caret
311 2202 499 2237 longitudine
512 2223 520 2236 ,
540 2209 631 2237 quam
654 2200 744 2227 habet
768 2199 864 2231 linca,·
881 2200 908 2225 et
929 2197 994 2224 lati-

212 2251 325 2284 tudine,
337 2257 429 2285 quam
440 2249 531 2276 habet
545 2247 732 2284 superficie53
747 2248 773 2273 et
784 2245 994 2282 profunditate,

213 2306 302 2334 quam
314 2298 404 2325 habet
420 2304 537 2332 corpus.
547 2295 639 2323 Tertia
655 2294 823 2322 differentia
837 2292 995 2328 spiritualis

214 2345 326 2380 gaudii,
347 2347 375 2372 et
394 2344 554 2378 mundani,
573 2345 614 2370 est
630 2342 758 2377 dignitas
781 2343 808 2368 et
826 2340 994 2374 indignitas.

214 2392 360 2420 Gaudium
377 2391 456 2419 enim
471 2390 621 2427 spirituale
635 2392 677 2416 051
691 2389 728 2415 (10
743 2388 833 2415 rebus
849 2387 936 2414 valde
955 2387 996 2413 di-

247 2453 253 2467 ¹
269 2453 328 2480 Iscz.¹
344 2458 367 2482 Ι,
383 2453 421 2475 22.
441 2465 472 2471 ν-
490 2452 497 2465 ²
515 2452 577 2474 Boot
590 2469 596 2480 ,
615 2450 644 2473 (le
660 2449 758 2473 Consol.
780 2447 883 2478 philos..
900 2447 942 2471 lib.
961 2449 994 2478 11,

215 2494 285 2518 pros,
302 2489 325 2518 4,
341 2490 398 2518 post
412 2488 480 2511 med.
496 2501 525 2504 —
541 2488 550 2503 ³
567 2488 650 2516 Rern„
668 2486 697 2508 ιΙι1
713 2487 830 2509 Commu-s.
847 2484 880 2507 ml
895 2485 995 2514 (Vm-ic„

216 2530 238 2546 c.
253 2529 340 2547 x11.-
353 2524 360 2537 ⁴
377 2524 458 2552 Pron,
476 2528 517 2553 xv,
536 2524 573 2546 15,
589 2535 620 2539 -
634 2522 644 2538 5
656 2519 710 2551 Joh,
725 2526 770 2550 xx,
786 2522 809 2543 5.
823 2532 853 2537 —
868 2522 876 2531 ⁵*
892 2520 995 2551 Philip„

218 2564 260 2588 111,
274 2561 295 2582 1.
307 2571 337 2576 --
348 2559 356 2572 ⁷
367 2560 468 2588 Senec.,
483 2558 512 2581 (le
524 2558 638 2588 130110ῘὶοἾ
655 2557 697 2581 111).
715 2557 759 2586 Vt,
775 2564 796 2579 0.
816 2561 843 2579 11.
856 2568 885 2571 —
901 2557 908 2567 ”'
921 2557 995 2586 Aug„

217 2593 246 2617 de
256 2593 322 2617 verb.
333 2595 414 2623 Dema,
424 2601 500 2618 501111.
513 2594 710 2624 111,111.01,ΧΧι,11
729 2593 784 2615 4.-
795 2592 995 2620 91)]’011.,111,35,

219 2643 248 2647 -—
272 2630 288 2643 ¹⁰
314 2630 361 2653 Vz't.
383 2630 440 2654 Ant.
462 2637 492 2653 cx
516 2630 634 2654 Athauas.
656 2643 683 2646 —
710 2629 728 2644 ¹¹
745 2628 812 2656 Lucu,
830 2632 887 2657 xvi,
910 2629 945 2650 13.
966 2641 997 2647 —

1755 158 1813 188 32¹1

1035 221 1112 257 gnis,
1129 221 1200 257 quia
1212 221 1248 249 de
1260 222 1318 249 Deo
1331 220 1490 258 proeoipue,
1503 222 1530 249 et
1542 220 1580 249 de
1592 221 1682 250 rebus
1694 221 1814 252 divinis.

1035 268 1116 297 Unde
1132 267 1202 296 (11011
1217 268 1374 304 Apostolus
1388 268 1398 284 ⁰
1415 277 1421 296 :
1441 268 1558 296 Gaudete
1574 270 1603 297 in
1618 269 1731 297 Domino
1746 277 1816 298 sem-

1031 323 1096 351 per,
1122 316 1175 343 etc.
1201 315 1348 343 Gaudium
1371 322 1442 343 vero
1467 315 1574 344 mundi
1598 317 1641 344 est
1664 315 1701 344 de
1725 315 1817 345 rebus

1035 361 1175 397 indignis,
1192 364 1219 390 ct
1232 362 1391 398 praecipue,
1406 361 1480 390 sicut
1493 362 1530 390 de
1542 362 1695 399 voluptate
1708 363 1818 398 carnis,

1037 409 1074 437 (10
1094 417 1154 446 qua
1169 409 1240 437 dicit
1254 410 1364 438 Seneca
1376 408 1386 425 ⁷
1399 418 1405 436 ι
1425 419 1438 435 (ι
1453 408 1594 446 Voluptas
1609 411 1652 438 est
1665 410 1818 439 membro-

1036 464 1104 484 rum
1119 456 1222 484 vilium
1243 457 1271 484 01
1293 455 1424 492 turpium
1443 455 1618 484 ministratio
1641 457 1764 485 veniens
1784 465 1819 486 ex

1038 503 1117 531 exitu
1141 503 1254 531 soetido.
1281 513 1294 529 a·
1320 504 1352 531 Et
1379 503 1558 538 Augustinus
1589 503 1659 531 dicit
1678 504 1707 539 ⁸,
1736 504 1821 541 quod

1038 551 1137 579 saeculi
1164 552 1206 578 cst
1228 550 1376 587 impunita
1398 549 1548 586 nequitia,
1572 549 1710 579 videlicet
1732 551 1820 580 luxu-

1038 597 1118 632 riari,
1133 598 1164 625 in
1178 597 1381 634 spectaculum
1396 596 1512 632 vagari,
1531 597 1699 625 ebriositate
1713 597 1822 634 impin-

1040 644 1139 680 gnari,
1158 644 1341 681 turpitudine
1365 643 1485 678 foetere,
1511 646 1538 672 et
1561 643 1632 671 mali
1653 644 1726 672 mihi
1750 645 1823 673 nihil

1039 691 1099 727 pati
1111 691 1203 727 (b).De
1217 699 1276 727 quo
1290 691 1401 726 gaudio
1412 691 1583 727 turpissimo
1597 690 1703 719 dicitur
1713 693 1723 709 ⁹
1733 700 1740 719 z
1750 692 1824 719 Stul-

1042 741 1129 766 torum
1148 739 1281 766 exultatio
1303 738 1336 775 (ιτ)
1353 740 1516 773 iqnomim'a.
1534 739 1643 772 Quarta
1659 738 1825 767 differentia

1041 785 1200 821 spiritualis
1221 785 1323 820 gaudii
1339 787 1367 813 et
1382 785 1546 820 mundani,
1563 787 1605 813 est
1625 785 1784 813 salubritas
1799 788 1827 814 et

1042 833 1176 860 noxietas
1192 842 1198 860 ;
1222 832 1367 868 gaudium
1387 832 1466 860 enim
1481 832 1632 868 spirituale
1648 834 1691 860 est
1705 833 1825 861 salubre

1043 882 1071 908 et
1088 880 1255 907 studiosum
1271 879 1438 915 tripliciter,
1455 879 1526 915 quia
1543 879 1611 907 facit
1633 888 1754 908 carnem
1774 880 1826 908 de-

1043 927 1165 963 spicere.
1180 928 1290 962 Fugato
1307 927 1386 955 enim
1402 926 1505 962 spiritu
1521 926 1733 963 desipitomnis
1746 935 1827 962 caro,

1044 977 1076 1002 ut
1089 974 1129 1002 ait
1143 974 1331 1009 Augustinus.
1349 974 1485 1002 Secundo
1500 973 1569 1001 facit
1591 973 1746 1002 diabolum
1762 974 1828 1002 vin-

1046 1030 1121 1055 cere,
1135 1022 1217 1058 quia,
1233 1022 1265 1049 ut
1276 1021 1396 1049 dicebat
1409 1022 1527 1048 sanctus
1541 1021 1685 1049 Antonius
1698 1022 1728 1056 ¹⁰,
1741 1022 1829 1049 unica

1044 1069 1119 1096 ratio
1140 1068 1280 1096 vincendi
1302 1068 1458 1096 diabolum
1478 1069 1521 1095 est
1539 1067 1636 1096 iaetitia
1657 1068 1826 1104 spiritualis.

1045 1116 1140 1144 Tertio
1156 1115 1224 1143 facit
1240 1115 1388 1143 mundum
1412 1117 1614 1150 contemnere,
1631 1115 1702 1151 quia
1720 1115 1738 1133 ¹¹
1754 1123 1829 1143 nemo

1043 1166 1133 1198 potest
1148 1164 1249 1191 duobus
1265 1164 1382 1190 cionzinz's
1396 1165 1506 1198 servire,
1519 1162 1685 1190 uthabetur
1699 1162 1731 1190 in
1743 1163 1828 1190 Luca.

1047 1210 1117 1238 Ideo
1143 1210 1195 1246 qui
1219 1210 1329 1245 gaudet
1344 1210 1381 1238 de
1397 1212 1455 1237 Deo
1467 1231 1476 1244 ,
1492 1209 1621 1237 tristatur
1645 1209 1682 1238 de
1703 1210 1829 1238 mundo.

1084 1257 1220 1285 Secundo
1253 1257 1404 1293 spirituale
1432 1256 1578 1292 gaudium
1606 1257 1650 1284 est
1675 1265 1692 1284 a
1721 1255 1831 1284 coelesti

1048 1304 1158 1340 gaudio
1181 1304 1365 1338 derivatum,
1385 1304 1417 1331 id
1442 1305 1483 1331 est
1504 1311 1522 1331 a
1546 1303 1633 1331 donis
1651 1302 1830 1332 coelestibus.

1047 1351 1128 1379 Unde
1151 1351 1318 1379 notandum
1339 1353 1381 1379 est
1402 1351 1485 1387 quod
1507 1350 1640 1386 quinque
1662 1352 1729 1378 sunt
1750 1349 1833 1378 bona

1049 1399 1193 1434 coelestia,
1213 1408 1230 1427 a
1246 1399 1355 1435 quibus
1380 1401 1422 1426 est
1441 1398 1593 1434 spirituale
1615 1398 1759 1433 gaudium
1779 1397 1832 1426 de-

1048 1447 1196 1480 rivatum,
1221 1446 1330 1473 scilicet
1356 1444 1516 1482 spiritualis
1539 1444 1671 1480 puritas,
1692 1444 1832 1480 spiritua-

1049 1494 1085 1521 lis
1104 1493 1320 1529 tranquillitas,
1337 1492 1495 1528 spiritualis
1521 1492 1630 1518 sanitas
1644 1511 1650 1523 ‚
1673 1491 1833 1527 spiritualis

1050 1540 1188 1574 libertas,
1218 1542 1245 1567 et
1274 1539 1433 1575 spiritualis
1469 1538 1670 1566 conformitas.
1702 1538 1833 1565 Primum

1051 1596 1068 1615 a
1095 1596 1155 1623 quo
1181 1589 1317 1614 causatur
1342 1586 1492 1623 spirituale
1513 1586 1657 1621 gaudium
1678 1587 1721 1613 est
1744 1585 1832 1621 spiri-

1051 1634 1137 1662 tualis
1152 1634 1264 1670 puritas
1283 1643 1289 1661 :
1313 1633 1430 1661 animus
1457 1633 1536 1661 enim
1558 1640 1720 1668 generosus
1734 1632 1832 1660 liben-

1051 1682 1107 1709 tius
1139 1681 1262 1717 quiescit
1295 1680 1327 1708 in
1360 1681 1436 1708 lecto
1467 1679 1652 1708 conscientiae
1667 1701 1676 1714 ,
1710 1679 1834 1716 quando

1052 1732 1094 1756 est
1109 1729 1249 1762 mundus,
1266 1736 1358 1764 quam
1369 1727 1493 1764 quando
1509 1729 1551 1756 est
1566 1727 1750 1755 immundus.
1761 1729 1834 1755 Nam

1052 1775 1224 1803 naturaliter
1251 1775 1343 1802 homo
1373 1775 1484 1811 appetit
1507 1774 1701 1810 munditiam,
1729 1776 1756 1802 et
1781 1774 1835 1802 ab-

1051 1823 1152 1851 horret
1166 1822 1399 1850 immunditiam.
1416 1823 1573 1858 Propterea
1589 1821 1659 1850 dicit
1671 1830 1781 1858 sponsa
1794 1821 1815 1837 ¹²
1827 1831 1833 1850 :

1052 1871 1178 1898 Lectulus
1199 1872 1289 1897 noster
1308 1870 1431 1903 stori'dus.
1455 1869 1622 1897 Secundum
1650 1877 1668 1896 a
1687 1877 1748 1905 quo
1764 1877 1834 1897 cau-

1053 1919 1132 1945 satur
1145 1917 1296 1954 spirituale
1312 1916 1466 1951 gaudium,
1481 1917 1523 1943 est
1535 1916 1695 1952 spiritualis
1709 1916 1833 1951 sanitas;

1052 1965 1126 1992 sicut
1150 1964 1304 1998 videmus,
1322 1963 1405 1999 quod
1420 1963 1591 1991 naturaliter
1614 1971 1676 1990 non
1700 1964 1743 1990 est
1764 1971 1836 1998 gau-

1053 2012 1147 2045 dium,
1164 2011 1187 2038 si
1207 2019 1314 2046 corpus
1331 2012 1373 2037 est
1387 2010 1550 2037 infirmum.
1568 2010 1647 2037 Unde
1664 2009 1771 2037 dicitur
1788 2010 1809 2027 ¹³
1827 2019 1833 2037 :

1052 2059 1170 2085 thlcetto
1186 2060 1283 2085 animae
1299 2060 1337 2084 est
1354 2058 1459 2084 sanitas
1479 2058 1592 2091 ossium,
1616 2056 1648 2083 id
1670 2057 1712 2084 est
1727 2056 1836 2084 virium

1053 2105 1168 2133 animae.
1192 2106 1223 2131 Et
1245 2104 1316 2132 alibi
1336 2104 1353 2120 ¹¹*
1374 2114 1382 2130 .·
1403 2104 1462 2132 Non
1488 2106 1526 2130 est
1554 2111 1645 2130 census
1673 2111 1753 2139 super
1773 2112 1836 2131 cen-

1053 2160 1111 2179 sum
1141 2152 1238 2178 salutis
1268 2152 1385 2185 corporis
1412 2160 1417 2176 :
1449 2158 1501 2177 non
1531 2152 1569 2177 est
1597 2151 1835 2184 oblectamentum,

1053 2208 1133 2235 super
1149 2200 1237 2227 cordis
1256 2200 1397 2233 glaudium.
1420 2198 1547 2226 Tertium
1563 2206 1580 2226 a
1602 2206 1663 2234 quo
1683 2198 1836 2226 derivatur

1054 2246 1204 2283 spirituale
1233 2246 1377 2281 giudium
1392 2266 1398 2279 ‚
1429 2248 1471 2273 est
1499 2245 1658 2281 spiritualis
1689 2246 1810 2273 libertas
1827 2254 1834 2274 :

1053 2296 1191 2330 peccator
1205 2293 1283 2321 enim
1299 2294 1341 2320 cst
1355 2293 1429 2320 sicut
1442 2293 1534 2320 homo
1550 2294 1652 2329 captus
1669 2295 1696 2320 et
1710 2293 1835 2328 ligatus,

1055 2342 1093 2368 ad
1115 2341 1191 2368 bene
1212 2340 1399 2376 operandum
1422 2340 1548 2376 ineptus
1565 2340 1645 2367 Unde
1668 2340 1773 2367 dicitur
1790 2341 1809 2357 ¹³
1827 2349 1833 2367 :

1057 2401 1075 2416 ’Ξ
1098 2400 1179 2428 Cant„
1203 2406 1224 2430 1,
1250 2401 1285 2422 ttj.
1305 2412 1334 2415 —-
1358 2398 1377 2413 ¹³
1398 2399 1484 2427 Pron,
1508 2404 1566 2427 xxi,
1590 2399 1628 2422 25.
1650 2411 1680 2415 —
1705 2398 1723 2414 ¹⁴
1746 2398 1835 2430 Eccli„

1055 2442 1122 2466 xxx,
1139 2438 1208 2459 16.-
1225 2436 1242 2451 ¹⁵
1257 2436 1340 2465 Proin,
1354 2440 1377 2462 ν,
1390 2435 1466 2457 22.—-
1482 2434 1511 2463 (a)
1529 2434 1589 2458 Coet.
1605 2434 1665 2457 edit.
1682 2434 1833 2458 secundum.

1057 2486 1084 2489 -
1100 2472 1132 2502 (h)
1149 2472 1212 2502 Any.
1229 2470 1301 2494 hahet
1313 2479 1320 2494 :
1338 2470 1509 2494 Luxurientur
1522 2470 1652 2498 homines,
1667 2469 1832 2501 fornicentur,

1055 2508 1080 2531 in
1094 2507 1245 2538 spectaculis
1259 2508 1395 2537 nugentur,
1407 2505 1553 2529 ebriositate
1568 2506 1768 2536 ingurgitentur,
1780 2507 1834 2529 tur-

1054 2544 1167 2574 pitudine
1188 2543 1325 2571 soedcntur,
1346 2541 1408 2565 nihil
1431 2542 1491 2565 inali
1510 2541 1645 2572 patiantur.
1662 2554 1687 2557 -
1708 2541 1740 2571 (c)
1756 2541 1832 2572 Vulg.

1054 2580 1183 2603 exultatio.
1198 2581 1318 2608 Septuag.
1334 2580 1356 2601 ni
1367 2579 1391 2601 «32
1407 2579 1503 2605 ἀσεῦείς
1516 2579 1617 2608 ὕψωσαν
1631 2578 1737 2608 ἀτιμίαν.
1755 2577 1834 2602 Heln·-

1055 2614 1123 2663 111-η’)
1140 2626 1216 2651 omn
1235 2612 1353 2664 arro:-

1871 1557 1934 1577 Bona

1849 1587 1954 1612 ccelesiis,

1849 1624 1862 1638 a
1876 1617 1957 1644 quihus

1858 1649 1944 1669 deriva-

1849 1681 1884 1701 tui·
1900 1686 1955 1706 gau-

1872 1711 1934 1732 dium

1850 1742 1955 1769 spiritua-

1849 1773 1878 1799 le,
1889 1773 1956 1799 quin-

1850 1810 1892 1832 que
1898 1805 1956 1824 sunt.
