2004 3037
791 237 970 282 QUAESTIO
991 244 1054 277 UNI
1061 246 1106 277 CA
1113 270 1120 278 .

156 310 328 347 dignatione
339 310 418 347 unit,
431 320 446 338 ¹>
463 311 517 339 etc.
533 310 623 346 Igitur
647 317 708 339 non
722 310 883 347 requiritur
901 311 932 339 in

156 358 280 394 mystica
293 357 446 386 affectione
458 356 561 394 aliqua
575 356 726 392 cogitatio,
739 357 788 385 vel
802 357 931 393 cognitio

157 404 330 433 intellectus

192 452 264 479 Item
275 451 333 480 hoc
346 450 426 479 idem
440 450 585 488 probatur
599 458 652 488 per
673 450 819 479 rationem
838 451 869 479 in
888 450 933 479 di-

157 497 235 526 vinis
248 499 396 534 sumptam
407 519 416 533 ,
439 497 511 535 quia
525 505 609 526 mens
632 497 746 526 ratione
767 498 934 534 perficitur,

157 543 322 572 secundum
333 544 415 581 quod
430 544 576 580 gradatim
592 544 782 572 ascendendo
798 544 934 573 ordinate

158 589 198 619 ad
219 590 321 619 divina
338 591 489 626 consurgit
505 600 511 618 :
527 590 581 619 sed
601 598 657 627 ego
673 590 779 624 video,
800 591 883 627 quod
904 591 935 619 in

158 636 223 673 ipsa
237 637 388 666 dlvinitate
404 639 472 665 sunt
485 639 542 666 tres
557 645 701 674 personae‚
717 637 827 665 scilicet
841 639 934 672 Pater,

160 686 187 712 et
200 683 304 719 Filius,
322 687 349 712 et
369 684 492 721 Spiritus
506 686 633 712 sanctus.
655 685 738 712 Pater
758 686 800 712 est
820 692 937 712 summa

159 730 304 766 potentia,
319 730 410 759 Filius
424 738 541 759 summa
555 730 710 767 sapientia,
725 730 847 766 Spiritus
857 738 937 758 sanc-

159 779 205 805 tus
220 785 305 806 amor
318 781 504 806 connectens
529 777 585 806 Sed
600 777 722 813 Spiritus
738 779 866 809 sanctus,
885 776 936 813 qui

161 825 203 851 est
225 832 312 852 verus
327 832 422 858 amor,
443 824 608 852 secundum
633 825 784 858 naturam,
800 826 827 851 et
850 823 937 851 etiam

161 871 325 898 secundum
346 873 478 899 nostram
493 870 735 905 intelligentiam,
759 878 820 898 non
836 878 938 897 secun-

162 916 235 945 dum
245 919 372 954 tempus,
384 919 426 945 est
440 916 544 945 ultima
556 924 684 953 persona
695 917 726 944 iu
738 916 854 944 divinis.
866 918 938 945 Nam

161 963 259 1000 primo
275 967 317 992 est
339 965 500 1000 intelligere
521 966 636 992 Patrem
662 965 871 1000 generantem,
893 972 939 991 se-

162 1010 261 1039 cundo
273 1011 378 1039 Filium
390 1010 533 1046 genitum,
549 1011 634 1039 tertio
648 1010 787 1046 Spiritum
803 1012 938 1038 sanctum

161 1057 372 1093 procedentem
397 1057 435 1085 ab
463 1059 589 1094 utroque
616 1066 622 1085 ε
643 1056 764 1084 ultimus
792 1065 864 1093 ergo
876 1078 885 1091 ,
912 1060 940 1084 et

162 1105 250 1133 nobis
263 1104 462 1141 propinquior
475 1107 517 1132 est
530 1105 653 1140 Spiritus
666 1107 793 1133 sanctus.
810 1106 885 1133 Cum
898 1113 940 1133 er-

163 1160 201 1187 go
217 1152 317 1180 anima
330 1151 475 1187 gradatim
491 1151 681 1179 ascendendo
697 1151 832 1179 ordinate
848 1151 939 1187 profi-

164 1199 237 1234 ciat,
253 1201 368 1236 oportet
383 1199 466 1235 quod
479 1199 588 1227 habeat
602 1199 700 1235 primo
717 1208 851 1227 amorem
865 1221 872 1234 ,
889 1199 941 1235 qui

164 1247 372 1283 appropriatur
395 1246 513 1282 Spiritui
537 1249 649 1280 sancto,
672 1246 742 1282 quia
760 1246 795 1282 (a)
819 1246 941 1282 Spiritus

164 1295 280 1321 sanctus
287 1293 375 1321 nobis
386 1294 427 1320 est
435 1292 563 1327 affinior,
572 1294 732 1328 antequam
738 1292 847 1320 habeat
858 1292 941 1319 intel-

164 1339 316 1375 ligentiam
335 1339 506 1375 cogitando,
517 1339 564 1366 vel
575 1339 662 1366 etiam
674 1338 859 1374 sapientiam,
876 1346 942 1374 quae

165 1386 372 1423 appropriatur
391 1386 473 1414 Filio.
500 1385 615 1413 Amoris
631 1385 717 1420 igitur
733 1385 848 1413 affectio
869 1393 941 1421 prae-

167 1433 244 1461 cedit
256 1440 437 1467 cognoscere
449 1453 457 1466 ,
473 1434 501 1459 et
514 1439 575 1459 non
591 1440 606 1459 e
621 1439 776 1459 converso.

202 1481 273 1508 Item
287 1480 403 1514 anima,
419 1479 585 1507 secundum
600 1478 683 1514 quod
698 1486 716 1506 a
731 1480 788 1506 Deo
803 1479 884 1506 fonte
900 1481 942 1506 to-

167 1527 224 1555 tius
238 1527 429 1554 beatitudinis
454 1525 555 1561 recipit
573 1525 756 1552 influentiam
769 1545 778 1560 ,
799 1525 838 1553 ad
852 1525 944 1553 instar

167 1573 301 1602 Ecclesiae
323 1573 530 1609 triumphantis
545 1572 694 1608 perficitur
711 1581 717 1600 :
734 1572 786 1600 sed
811 1574 942 1607 constat,

168 1620 331 1648 secundum
359 1620 549 1656 Dionysium,
571 1620 655 1656 quod
675 1619 750 1647 ordo
775 1619 942 1655 Seraphim,

168 1667 220 1703 qui
234 1666 440 1703 interpretatur
455 1667 560 1700 ardens,
575 1666 683 1702 primo,
700 1666 821 1693 uberius
839 1669 866 1693 et
879 1674 943 1702 per-

167 1713 267 1741 fectius
285 1713 389 1749 recipit
410 1713 594 1741 influentiam
620 1721 637 1740 a
658 1714 729 1747 Deo,
751 1721 843 1748 quam
868 1713 944 1740 ordo

168 1759 337 1794 Cherubim,
354 1759 405 1796 qui
420 1760 624 1795 interpretatur
641 1759 785 1794 plenitudo
799 1761 920 1786 scientioe
935 1768 944 1786 :

170 1814 241 1841 ergo
257 1806 379 1834 affectus
393 1814 446 1842 per
460 1805 599 1833 ardorem
615 1805 743 1840 amoris,
759 1805 810 1841 qui
824 1813 946 1840 respon-

172 1852 221 1880 det
244 1853 414 1889 Seraphim,
438 1852 536 1888 primo
553 1854 580 1879 et
599 1851 800 1887 principaliter
820 1851 946 1879 afficitur

171 1901 199 1926 et
217 1901 354 1927 movetur
377 1899 408 1926 in
427 1900 538 1932 Deum,
563 1906 655 1933 quam
671 1897 836 1925 intellectus
849 1897 943 1932 illud,

171 1945 253 1980 quod
264 1945 384 1973 affectus
395 1944 553 1978 desiderat,
566 1944 724 1979 cogitando
740 1943 886 1979 intelligat
898 1944 944 1978 (b),

172 1991 255 2027 quod
288 1991 449 2026 intelligere
477 1990 636 2026 respondet
664 1990 833 2018 Cherubim.
868 1993 944 2025 Ergo

170 2037 267 2073 primo
289 2037 409 2064 affectus
432 2038 567 2063 movetur
591 2037 621 2063 in
636 2038 728 2063 Deum
747 2037 811 2063 sine
835 2036 946 2071 cogita-

172 2083 250 2111 tione
266 2083 375 2119 praevia
389 2082 550 2110 intellectus
562 2103 570 2116 ,
587 2082 639 2109 sed
661 2082 759 2117 potius
781 2082 880 2117 ipsum
902 2090 946 2109 se-

173 2130 282 2166 quitur.

209 2179 277 2205 Item
301 2177 419 2212 spiritus
433 2175 585 2204 rationalis
598 2175 702 2211 recipit
716 2183 733 2202 a
749 2176 806 2202 Deo
826 2174 948 2202 influen-

173 2223 243 2251 tiam
256 2223 354 2259 primo
370 2225 397 2251 et
411 2223 622 2258 principaliter,
638 2222 669 2249 in
683 2223 827 2257 quantum
838 2221 893 2256 ipsi
908 2223 949 2248 est

175 2270 301 2297 affinior.
317 2269 374 2296 Sed
388 2269 508 2296 affectus
521 2269 649 2296 maxime
668 2276 721 2304 per
737 2276 870 2295 amorem
893 2267 949 2294 dis-

175 2316 288 2353 positus
303 2317 345 2343 est
358 2324 513 2352 supremus
528 2316 558 2342 in
570 2314 707 2342 rationali
721 2314 824 2350 spiritu
834 2335 842 2348 ,
857 2316 884 2341 et
896 2321 950 2349 per

177 2371 360 2398 consequens
375 2362 488 2398 spiritui
507 2362 637 2389 increato
658 2361 855 2397 propinquior
872 2369 876 2387 :
894 2360 949 2395 igi-

177 2411 224 2437 tur
239 2409 367 2444 tangitur
382 2416 458 2444 apex
473 2408 594 2435 affectus
615 2416 632 2435 a
652 2408 709 2435 Deo
725 2415 777 2442 per
792 2406 950 2434 immissio-

179 2463 247 2483 nem
260 2455 336 2490 ignis
351 2455 460 2482 amoris
475 2454 505 2481 in
521 2454 634 2489 spiritu,
650 2455 794 2488 tanquam
809 2455 866 2480 Deo
881 2460 950 2488 pro-

179 2502 337 2537 pinquior,
363 2504 522 2537 antequam
540 2495 649 2527 hab'eat
669 2500 767 2535 ipsum
789 2499 952 2535 apprehen-

181 2548 250 2575 dere
264 2548 440 2582 intellectuS,
455 2548 504 2583 qui
522 2549 563 2574 est
576 2546 707 2582 potentia
721 2545 816 2573 multo
831 2546 897 2581 plus
915 2546 953 2573 af-

180 2594 257 2622 fectu
271 2602 288 2622 a
300 2596 434 2622 Creatore
446 2601 585 2630 supremo
602 2592 765 2620 distantior.
777 2592 866 2627 Igitur
880 2600 954 2619 sem-

166 2665 167 2668 ,
180 2648 232 2676 per
257 2643 392 2668 movetur
417 2640 514 2677 primo
540 2639 661 2667 affectus
685 2639 715 2666 in
730 2640 820 2667 Deum
831 2659 840 2673 ,
863 2647 954 2674 quam

180 2686 344 2715 intellectus
358 2686 516 2722 cogitando
528 2686 680 2721 intelligat.

304 2744 379 2767 TOM.
403 2745 473 2767 vm.

1725 256 1764 287 49

1024 314 1105 348 Item,
1117 322 1185 342 cum
1199 316 1274 343 Deus
1287 317 1372 352 quasi
1387 317 1530 353 gradibus
1544 319 1666 349 infinitis
1680 321 1766 351 distet

989 366 1007 387 a
1021 359 1155 396 qualibet
1171 361 1324 398 torcatum,
1343 363 1383 391 ad
1403 363 1460 392 hoc
1479 366 1563 402 quod
1583 367 1645 404 ipse
1667 368 1697 396 in
1712 369 1767 397 ista

989 405 1108 435 miseria
1130 407 1315 444 aliquantum
1337 415 1544 448 cognoscatur,
1567 417 1683 451 oportet
1703 416 1766 444 ani-

990 461 1071 481 mam
1095 453 1136 481 sic
1159 455 1400 492 appropinquare
1423 457 1536 495 eidem,
1567 462 1599 489 ut
1627 469 1766 498 quoquo-

990 500 1082 528 modo
1098 501 1256 536 attingatur
1269 501 1308 530 ab
1322 502 1396 539 ipsa.
1412 505 1486 532 Cum
1500 513 1572 541 ergo
1587 507 1669 535 solus
1683 517 1767 538 amor

990 546 1078 575 saciat
1091 547 1224 576 animam
1238 550 1479 586 appropinquare
1495 552 1533 580 ad
1550 554 1641 582 Deum
1655 563 1708 591 per
1723 558 1766 584 sui

992 593 1216 623 extensionem:
1237 595 1335 631 igitur,
1358 597 1388 624 in
1416 600 1561 634 quantum
1582 608 1666 629 mens
1690 605 1769 631 amat

992 640 1137 676 attentius,
1147 640 1178 668 in
1193 643 1306 670 tantum
1319 643 1392 671 fonti
1405 644 1526 673 luminis
1536 648 1767 685 appropinquat,

993 688 1021 713 et
1035 694 1087 722 per
1103 695 1289 724 consequens
1306 689 1337 717 in
1352 693 1496 726 quantum
1511 694 1709 730 propinquior
1728 699 1770 724 est

992 731 1065 760 fonti
1080 733 1200 762 luminis
1213 743 1267 771 per
1279 744 1423 772 amorem,
1436 737 1466 766 in
1481 741 1594 768 tantum
1607 741 1674 777 plus
1688 741 1770 770 intel-

993 778 1084 807 lectus
1094 779 1278 809 illuminatur
1288 783 1326 810 ab
1335 791 1372 812 eo
1382 792 1435 820 per
1445 786 1661 821 cognitionem.-
1672 789 1770 824 primo

992 825 1082 861 igitur
1103 827 1133 854 in
1148 827 1256 856 divinis
1277 832 1319 857 est
1337 831 1471 860 ardendo
1487 840 1601 869 amare,
1622 843 1713 871 quam
1727 836 1770 863 in-

992 873 1156 909 telligendo
1172 883 1360 911 cognoscere.

1029 920 1150 950 Solutio.
1164 923 1336 960 Dicendum,
1348 926 1513 954 secundum
1528 927 1648 956 beatum
1664 930 1771 967 Diony-

994 969 1071 996 sium
1082 969 1112 996 in
1120 969 1266 1006 principio
1278 971 1401 1005 Mysticoe
1418 973 1580 1008 Theoloqz'oe:
1597 985 1610 1001 a
1624 976 1771 1012 Sapientia

994 1015 1048 1043 ista
1072 1015 1178 1043 dicitur
1200 1017 1298 1044 solum
1318 1018 1549 1048 Christianorum
1566 1031 1571 1049 :
1588 1019 1679 1050 'unde
1701 1023 1772 1052 fidei

996 1063 1195 1098 cognitionem
1209 1065 1365 1100 supponit,
1386 1068 1414 1093 ct
1434 1065 1581 1095 charitatis
1595 1068 1772 1098 fundamen-

995 1111 1067 1136 tum.
1093 1110 1173 1138 Unde
1196 1111 1296 1146 nullus
1319 1112 1469 1147 mortalis,
1498 1116 1772 1153 quantumcumque

996 1155 1032 1183 sit
1050 1156 1261 1192 philosophus,
1283 1159 1330 1185 vel
1351 1159 1460 1193 sciens,
1481 1160 1558 1188 hanc
1583 1162 1772 1199 sapientiam,

997 1210 1063 1238 quae
1082 1205 1124 1230 est
1148 1203 1178 1230 in
1202 1211 1342 1240 supremo
1363 1206 1485 1241 affectu,
1507 1208 1613 1235 mentis
1637 1209 1774 1238 humame

996 1248 1165 1277 facultatem
1179 1252 1400 1288 transcendens,
1416 1262 1471 1282 nec
1481 1256 1586 1291 potuit,
1600 1265 1654 1285 nec
1668 1259 1777 1294 poterit

997 1297 1219 1332 apprehendere
1236 1299 1386 1327 rationum
1408 1301 1646 1339 investigatione,
1668 1305 1714 1332 vel
1733 1305 1776 1332 in-

998 1341 1165 1378 telligentiae
1180 1345 1337 1381 exerciti03
1354 1347 1408 1374 sed
1423 1348 1494 1375 solis
1507 1349 1576 1377 filiis
1587 1358 1605 1377 a
1615 1350 1679 1378 solo
1695 1353 1776 1379 Patre

997 1393 1106 1417 aeterno
1131 1391 1366 1420 consolationem
1391 1396 1629 1431 expectantibus,
1653 1399 1776 1433 paterno

999 1436 1086 1464 etiam
1107 1436 1213 1465 affectu
1234 1438 1463 1468 misericorditer
1483 1445 1639 1476 reseratur,
1660 1446 1687 1471 et
1708 1444 1776 1472 ideo

998 1485 1129 1517 mystica,
1145 1484 1176 1511 id
1194 1486 1252 1519 est,
1268 1485 1368 1514 clausa
1382 1487 1430 1514 vel
1443 1489 1557 1516 occulta
1573 1489 1690 1524 dicitur,
1707 1491 1777 1526 quia

999 1536 1016 1556 a
1030 1529 1133 1564 paucis
1148 1531 1274 1565 cognita.
1292 1543 1304 1557 η

1035 1576 1115 1604 Unde
1130 1577 1307 1613 notandum,
1324 1580 1407 1615 quod
1421 1581 1533 1617 duplex
1548 1585 1590 1609 est
1603 1583 1711 1611 modus
1726 1591 1777 1619 ap-

999 1622 1219 1658 prehendendi,
1244 1625 1407 1653 secundum
1438 1627 1588 1663 duplicem
1611 1630 1777 1658 naturalem

999 1670 1162 1704 potentiam
1176 1672 1363 1706 pertingendi
1379 1673 1418 1700 ad
1432 1675 1536 1702 Deum:
1554 1683 1623 1703 nam
1640 1676 1778 1712 quaelibet

1001 1716 1100 1744 anima
1115 1717 1204 1745 hahet
1217 1719 1380 1753 potentiam
1402 1719 1604 1756 intelligendi,
1619 1724 1647 1750 et
1660 1723 1722 1750 haec
1737 1726 1779 1751 est

1000 1764 1131 1798 potentia
1144 1764 1322 1801 intellectus,
1340 1769 1367 1794 et
1380 1768 1543 1803 potentiam
1562 1769 1697 1804 amandi,
1713 1778 1778 1806 quoe

1002 1809 1122 1837 affectus
1137 1811 1251 1844 dicitur,
1274 1813 1382 1848 quibus
1399 1815 1490 1842 Deum
1511 1816 1777 1851 apprehendimus,

1002 1856 1054 1891 qui
1070 1859 1112 1884 est
1125 1866 1242 1886 summa
1256 1859 1363 1887 veritas
1378 1863 1405 1887 et
1420 1869 1537 1889 summa
1554 1862 1680 1890 bonitas.
1698 1864 1778 1890 Unde

1001 1902 1149 1931 intellectu
1170 1905 1421 1940 apprehendimus
1442 1908 1654 1943 veritatem„et
1670 1909 1775 1938 affectu

1002 1949 1171 1984 attingimus
1190 1951 1362 1980 bonitatem.
1385 1954 1552 1981 Secundum
1570 1955 1632 1982 haec
1653 1956 1713 1983 duo
1739 1960 1781 1984 est

1003 1994 1114 2031 duplex
1128 1997 1178 2024 via
1196 1998 1392 2026 excellentiae:
1418 2008 1478 2028 una
1497 2009 1562 2036 quae
1584 2001 1690 2029 dicitur
1709 2011 1779 2030 con-

1003 2041 1169 2077 templatio,
1186 2046 1213 2071 et
1227 2044 1288 2072 haec
1302 2045 1446 2079 figuratur
1461 2054 1513 2081 per
1528 2047 1698 2082 Rachelem,
1715 2057 1780 2084 quae

1005 2089 1110 2116 dicitur
1130 2094 1242 2118 venusta
1266 2095 1389 2126 aspectu,
1416 2093 1538 2128 quando
1562 2102 1646 2121 mens
1672 2095 1781 2123 scilicet

1005 2135 1116 2163 lumine
1142 2136 1268 2172 desuper
1286 2138 1382 2165 intuso
1405 2139 1561 2174 divinitus,
1583 2141 1672 2169 habet
1686 2142 1780 2169 medi-

1004 2182 1109 2217 tando,
1131 2183 1179 2210 vel
1197 2184 1373 2219 cogitando,
1390 2185 1487 2213 solum
1508 2187 1635 2215 coelestia
1651 2191 1780 2216 contem-

1005 2228 1095 2263 plari,
1113 2229 1172 2256 alia
1187 2232 1229 2257 est
1251 2230 1281 2257 in
1302 2231 1425 2266 affeetu,
1446 2234 1474 2260 et
1491 2233 1553 2260 haec
1573 2234 1678 2262 dicitur
1693 2235 1782 2262 ardor

1006 2275 1127 2309 amoris,
1142 2276 1264 2311 quando
1283 2278 1392 2305 scilicet
1407 2279 1475 2314 igne
1490 2280 1611 2315 Spiritus
1626 2282 1717 2308 saneti
1733 2282 1782 2309 de-

1007 2329 1095 2357 super
1123 2322 1211 2350 misso
1241 2323 1340 2351 anima
1363 2325 1554 2361 flammigeris
1578 2327 1782 2355 affectionibus

1008 2367 1047 2395 ad
1063 2368 1160 2396 solum
1176 2371 1267 2397 Deum
1283 2371 1426 2406 aspirans,
1443 2372 1540 2407 ipsum
1556 2373 1653 2400 solum
1669 2374 1781 2400 deside-

1008 2416 1067 2449 rat,
1092 2418 1123 2443 ut
1146 2416 1201 2443 sibi
1224 2425 1278 2452 per
1299 2418 1473 2445 strietiorem
1497 2427 1630 2447 amorem
1653 2418 1794 2447 intimius'

1009 2461 1137 2495 uniatur,
1160 2464 1187 2489 et
1207 2462 1269 2490 haec
1293 2463 1398 2491 dicitur
1420 2465 1531 2500 optima
1552 2466 1649 2501 portio
1671 2467 1782 2501 Mariae,

1010 2515 1075 2542 quae
1099 2508 1223 2536 ardebat
1247 2509 1410 2544 desiderio,
1424 2514 1456 2538 ut
1477 2511 1603 2539 dicitur¹
1624 2512 1654 2539 in
1672 2514 1782 2540 Joamze.

1010 2554 1091 2581 Unde
1107 2554 1181 2581 sicut
1198 2563 1311 2583 novum
1325 2558 1527 2585 testamentum
1547 2559 1728 2593 praestantius
1743 2561 1786 2586 est

1011 2600 1115 2635 veteri,
1141 2601 1181 2628 sic
1201 2601 1250 2629 via
1266 2603 1391 2638 amoris,
1412 2604 1472 2631 sive
1490 2604 1693 2639 perfectionis,
1719 2613 1784 2641 quae

1012 2696 1016 2699 -
1044 2663 1047 2675 ¹
1062 2663 1143 2692 Jeme„
1158 2669 1202 2692 xx,
1220 2666 1255 2688 11.
1272 2678 1303 2683 —
1321 2666 1355 2695 (a)
1375 2666 1435 2690 Coet.
1463 2667 1524 2690 edit.
1554 2667 1606 2698 qui.
1621 2680 1651 2685 -—
1667 2667 1699 2697 (b)
1721 2668 1782 2690 Item

1010 2698 1134 2729 intelligit.

1647 2751 1666 2778 4

1808 947 1891 968 solutio

1786 978 1879 1004 quaestio
1886 989 1891 994 ·

1786 1015 1828 1030 uis.
