2004 3037
504 257 553 289 DE
576 256 768 289 OPERIBUS
790 257 1037 289 CONDITORIS.
1062 258 1146 290 CAI‘.
1172 260 1371 293 xxuxxvl.

380 370 522 405 CAPUT
545 369 650 404 XXII.

298 445 335 471 De
351 443 494 478 wir-ituah‘
511 450 576 470 casu
594 444 736 470 Doemonis.

166 514 255 541 Casus
271 511 385 540 diaboli
400 511 510 548 duplex
523 511 593 546 fuit,
608 511 718 539 scilicet
732 511 901 547 spiritualis,

130 561 157 588 et
176 559 289 587 localis.
315 558 493 595 spiritualis,
513 559 584 594 quia
605 558 710 586 cecidit
733 558 770 586 de
790 560 902 586 naturae

128 605 272 642 puritate,
286 605 323 633 de
337 605 520 633 flexibilitate
544 605 631 632 liberi
655 604 768 632 arbitrii
789 604 828 632 ad
851 604 903 632 bo·

127 659 217 687 num,
234 652 272 680 de
286 652 352 680 luce
366 652 396 679 in
411 652 562 687 tenebras,
580 651 617 679 de
636 651 757 679 seientia
771 651 802 679 in
816 651 902 686 igno-

127 698 268 733 rantiam,
284 698 321 726 de
335 698 504 726 innocentia
516 698 546 726 in
560 698 680 734 culpam
690 719 697 732 ,
713 698 750 726 de
765 697 901 725 felicitate
911 730 919 736 ·

126 744 157 772 in
170 752 305 781 poenam,
320 745 357 772 de
373 744 531 772 dilectione
544 745 575 772 in
590 744 704 772 odium.
721 746 788 772 Post
799 751 901 771 casum

127 790 206 818 enim
230 790 323 818 factus
349 793 391 818 est
414 791 619 827 impoenitens,
644 793 671 818 et
686 790 851 818 obstinatus
870 789 901 817 in

126 837 222 872 malo,
243 839 271 865 et
296 839 584 872 excaecatusavero,
606 839 634 865 et
658 837 849 865 deordinatus
870 836 901 864 in

127 884 223 920 bono,
240 887 267 912 et
288 885 452 913 infirmatus
472 885 502 912 in
525 885 650 918 virtute,
675 886 703 912 et
727 885 864 912 exclusus
884 892 901 912 a

127 932 176 959 Dei
203 931 461 968 contemplatione.
496 933 637 959 Praeterea
667 931 804 958 voluntis
838 931 901 965 ejus

127 978 218 1014 impia
233 987 377 1006 conversa
391 981 434 1006 est
456 978 491 1006 ad
519 978 648 1006 hominis
669 978 788 1012 odium,
807 980 834 1005 et
855 979 900 1005 in-

125 1025 261 1052 vidiam:
285 1025 364 1052 unde
386 1026 447 1052 toto
470 1025 626 1053 conamine
650 1025 751 1052 nititur
775 1025 814 1052 ad
838 1025 901 1060 ejus

125 1071 350 1099 subversionem
364 1079 418 1107 per
438 1071 629 1099 tentationem
647 1071 852 1107 multiplicem.
869 1072 900 1099 In

125 1118 238 1145 tantum
253 1120 351 1145 autem
372 1119 533 1145 excaecatus
556 1121 614 1152 est,
634 1126 695 1154 quo
716 1117 814 1153 potius
837 1118 900 1145 vult

124 1172 201 1199 esse,
219 1173 310 1200 quam
323 1173 385 1192 non
405 1173 481 1197 esse,
498 1167 530 1192 ut
543 1167 654 1200 pugnet
670 1166 771 1192 contra
787 1166 878 1192 Deum
889 1185 899 1198 ,

123 1209 191 1238 licet
204 1219 240 1238 ex
253 1211 310 1238 hoc
325 1211 397 1238 sciat
415 1211 472 1238 sibi
491 1211 604 1239 malum
625 1219 740 1247 semper
755 1211 873 1239 evenire
891 1220 897 1238 :

123 1257 194 1293 quia
209 1257 341 1293 quolibet
354 1257 430 1285 facto
446 1265 511 1291 suo,
527 1258 609 1293 quod
621 1266 657 1285 ex
670 1258 766 1285 libero
781 1266 835 1285 suo
849 1265 897 1285 ar-

122 1302 210 1332 bitrio
221 1304 370 1340 procedit,
381 1305 483 1340 peccat
499 1303 671 1332 mortaliter.

364 1398 505 1431 CAPUT
528 1397 649 1430 XXIII.

326 1470 363 1496 De
382 1470 463 1496 locali
481 1477 545 1496 casu
565 1469 683 1496 Diaboli.

158 1542 245 1568 Casus
260 1539 347 1567 etiam
369 1539 483 1566 diaboli
503 1539 606 1566 localis
629 1539 696 1574 fuit,
713 1539 785 1576 quia
804 1541 850 1567 vel
865 1541 896 1568 in

122 1586 283 1617 infernum,
301 1585 350 1613 vel
368 1585 399 1612 in
422 1585 619 1620 caliginosum
642 1593 760 1620 aerem,
779 1587 830 1622 qui
854 1589 896 1614 est

121 1633 151 1662 in
175 1633 274 1661 medio
299 1632 451 1660 interstitio
477 1632 571 1666 aeris,
597 1632 714 1659 corruit.
747 1634 896 1660 Daemones

122 1680 200 1708 enim
215 1687 276 1707 non
290 1680 357 1706 sunt
371 1679 401 1706 in
417 1678 561 1714 superiori
582 1680 665 1714 parte
683 1678 774 1713 aeris,
794 1687 831 1707 ne
852 1679 896 1707 lu-

121 1728 200 1754 mine
215 1727 381 1762 gaudeant3
396 1734 450 1753 nec
469 1728 536 1753 sunt
550 1725 581 1752 in
595 1727 677 1762 parte
693 1725 842 1761 inferiori,
859 1735 895 1755 ne

121 1773 208 1801 nimis
221 1775 320 1800 contra
337 1781 392 1799 nos
407 1772 535 1800 saeviant.
556 1772 636 1799 Unde
652 1773 817 1800 notandum
833 1776 893 1809 est,

121 1819 204 1856 quod
218 1820 248 1846 in
264 1819 450 1846 daemonibus
465 1821 507 1846 est
522 1818 576 1846 tria
596 1819 800 1854 considerare,
819 1820 896 1847 scili-

121 1868 166 1894 cet
180 1868 330 1899 naturam,
348 1865 480 1893 officium
504 1867 531 1892 et
549 1868 714 1901 peccatum.
737 1868 769 1893 Et
783 1868 895 1894 naturae

121 1914 244 1949 quidem
258 1913 395 1940 convenit
406 1913 489 1940 locus
504 1921 654 1946 summus,
671 1913 702 1940 id
717 1916 759 1941 est
774 1914 893 1949 coelum,

122 1960 152 1987 in
166 1968 226 1995 quo
248 1961 389 1994 tanquam
403 1959 434 1986 in
456 1958 523 1986 loco
538 1967 670 1994 congruo
694 1962 762 1987 suut
785 1961 893 1995 creati3

123 2007 150 2033 et
171 2005 363 2040 postmodum
385 2005 415 2031 in
440 2007 564 2039 natura,
581 2005 604 2032 si
625 2006 785 2041 stetissent,
810 2008 898 2042 perfi-

122 2051 228 2079 ciendi.
247 2053 286 2078 Ex
301 2050 398 2078 officio
413 2059 482 2078 vero
503 2051 585 2086 quod
605 2051 716 2080 habent
740 2054 894 2081 exercendi

122 2097 257 2125 homines
271 2118 280 2131 ,
303 2097 441 2124 convenit
456 2097 539 2124 locus
562 2097 678 2124 medius
695 2119 704 2132 ‚
727 2098 757 2125 id
783 2102 824 2126 est
847 2108 897 2127 aer

124 2143 320 2178 caliginosus,
334 2143 387 2170 ubi
402 2145 430 2170 et
452 2143 519 2170 satis
542 2143 704 2179 propinqui
725 2146 792 2171 sunt
810 2146 897 2172 nobis

123 2190 162 2217 ad
186 2189 381 2224 tentandum,
404 2191 431 2216 et
454 2191 552 2216 tamen
576 2197 637 2216 non
660 2190 771 2217 habent
795 2191 897 2218 lumen

124 2236 163 2263 ad
185 2236 378 2271 gaudendum
403 2245 409 2262 :
430 2235 483 2263 sed
505 2238 626 2271 peccato
653 2237 791 2264 convenit
816 2238 898 2265 locus

123 2282 261 2316 infimus,
288 2282 398 2309 scilicet
425 2281 566 2309 infernus.
595 2283 674 2310 Unde
699 2285 727 2310 et
752 2283 898 2311 daemones

123 2330 190 2364 post
216 2328 306 2356 finem
334 2329 438 2355 mundi
449 2350 458 2363 ‚
489 2329 612 2364 quando
641 2330 766 2357 cessabit
794 2339 898 2358 eorum

126 2374 276 2408 officium,
295 2375 488 2402 detrudentur
507 2375 596 2402 simul
612 2376 618 2391 ¹
634 2375 664 2403 in
680 2376 835 2404 infernum.
855 2378 899 2404 Di-

126 2424 194 2448 cunt
209 2421 332 2457 quidam
343 2421 425 2457 quod
435 2421 562 2456 Angelus
578 2422 683 2449 cecidit
693 2424 824 2450 secunda
835 2424 897 2459 die3

126 2468 178 2495 sed
194 2469 381 2496 communior
395 2470 437 2496 est
452 2469 553 2503 opinio
573 2469 656 2504 quod
678 2470 773 2505 prima
788 2470 835 2497 die
853 2479 899 2498 su-

127 2514 187 2541 bito
211 2516 278 2549 post
303 2515 480 2542 creationem
509 2523 595 2542 suam
618 2516 764 2543 ceciderit
792 2517 900 2545 Dicitur

128 2561 338 2596 communiter,
355 2561 439 2597 quod
457 2561 589 2588 decimus
604 2561 710 2589 chorus
725 2563 899 2597 angelorum

128 2605 233 2634 cecidit
247 2616 253 2633 ε
269 2607 322 2634 sed
335 2608 392 2635 hoc
407 2615 467 2635 non
483 2608 589 2635 dicitur
604 2609 687 2643 quod
702 2609 805 2636 decem
822 2611 901 2638 ordi-

161 2670 167 2685 ¹
181 2667 281 2697 Mami..
297 2675 357 2699 xxv,
373 2671 411 2694 41.
424 2683 455 2687 —
470 2671 478 2685 ²
490 2672 562 2701 Aug„
581 2671 721 2700 Enclffrid„
737 2679 758 2695 c.
776 2678 853 2702 xx1x3
873 2673 901 2696 (le

130 2702 207 2727 civit.
224 2704 282 2734 Des,
297 2711 319 2728 c.
335 2710 351 2728 1.
365 2718 393 2722 -—
408 2706 418 2721 3
430 2706 505 2736 Greg,
522 2707 544 2729 in
561 2707 667 2737 Ευιιηφ,
683 2707 753 2730 hom.
772 2714 858 2731 xxxiv.
871 2722 900 2726 -—-

1682 266 1733 295 101

960 332 1013 354 nes
1025 326 1200 362 angelorum
1213 327 1331 364 fuerint,
1341 329 1394 357 sed
1409 330 1492 366 quod
1507 331 1550 358 tot
1561 330 1598 358 de
1611 329 1736 365 singulis

961 372 1116 401 ordinibus
1128 374 1312 408 ceciderunt,
1324 378 1396 412 quot
1409 377 1546 412 poterant
1555 376 1651 405 facere
1667 376 1739 404 cho-

960 426 1027 447 rum
1042 427 1145 449 unum.
1163 422 1244 450 Unde
1263 430 1372 450 novem
1395 425 1462 451 sunt
1477 424 1596 452 ordines
1615 423 1738 460 angelo-

960 473 1026 493 rum
1042 476 1050 493 :
1067 467 1193 503 quilibet
1208 468 1283 496 ordo
1298 469 1388 497 habet
1402 477 1470 498 suas
1485 469 1618 505 legiones
1632 479 1639 498 ε
1655 470 1735 506 legio

960 514 1058 541 autem
1074 514 1250 549 angelorum
1270 515 1361 543 habet
1375 516 1444 544 6666
1463 516 1598 545 unitates.
1613 518 1666 544 Tot
1685 525 1738 545 au-

960 560 1018 586 tem
1033 559 1063 587 in
1084 560 1210 596 singulis
1233 561 1390 589 ordinibus
1414 563 1482 590 sunt
1495 562 1647 598 legiones,
1663 565 1738 599 quot

959 604 990 632 in
1003 605 1119 641 legione
1135 609 1202 635 sunt
1215 607 1349 635 unitates.

1201 701 1344 735 CAPUT
1367 702 1492 736 XXIV.

1072 773 1109 799 De
1128 774 1323 801 restauratione
1341 775 1429 801 ruinoe
1448 775 1622 809 Angelorum.

995 840 1172 875 Angelorum
1194 842 1281 870 ruina
1306 843 1518 872 restaurabitur
1541 852 1595 880 per
1617 843 1736 873 salvan·

959 886 1024 914 dos
1046 887 1117 915 Dicit
1138 889 1236 916 autem
1251 890 1430 924 Augustinus
1445 891 1455 907 ²
1477 912 1486 925 ‚
1507 891 1591 926 quod
1612 892 1656 918 tot
1679 890 1736 919 sal-

958 934 1107 961 vabuntur
1137 934 1287 970 homines,
1317 938 1391 972 quot
1418 937 1516 972 angeli
1554 937 1733 966 ceciderunt.

958 980 1113 1014 Gregorius
1125 981 1135 998 ³
1150 989 1221 1008 vero
1238 982 1317 1016 dicit,
1334 983 1417 1018 quod
1432 985 1474 1010 tot
1487 983 1623 1012 homines
1638 984 1734 1012 salva-

956 1026 1077 1061 buntur,
1088 1029 1161 1063 quot
1172 1028 1270 1063 angeli
1281 1028 1478 1063 perstiterunt.
1494 1030 1632 1058 Dixerunt
1646 1031 1734 1058 etiam

957 1073 1098 1108 quidam,
1117 1074 1199 1109 quod
1214 1074 1274 1102 duo
1290 1075 1414 1110 parietes
1427 1079 1512 1104 erunt
1525 1077 1556 1104 in
1571 1077 1662 1109 coelo,
1679 1077 1733 1104 sci-

955 1120 1023 1147 licet
1046 1128 1123 1147 unus
1145 1121 1318 1156 hominum,
1339 1124 1366 1149 et
1388 1121 1463 1150 alius
1489 1123 1682 1158 angelorum
1706 1126 1734 1152 et

956 1168 1040 1203 quod
1049 1168 1135 1196 ruina
1147 1169 1282 1203 angelica
1293 1170 1505 1197 restaurabitur
1518 1178 1572 1206 per
1585 1170 1716 1205 virgines
1722 1179 1731 1206 3

955 1216 983 1241 et
1003 1214 1040 1241 de
1063 1215 1122 1242 alio
1140 1215 1251 1250 pariete
1270 1217 1311 1243 tot
1331 1218 1415 1243 erunt
1436 1215 1590 1251 salvandi,
1607 1218 1680 1252 quot
1701 1216 1732 1244 in

955 1260 1013 1288 alio
1027 1260 1140 1297 pariete
1155 1263 1223 1289 sunt
1236 1261 1366 1297 virgines
1382 1263 1410 1289 et
1424 1262 1531 1297 angeli.

1202 1357 1345 1390 CAPUT
1369 1357 1476 1391 XXV.

1035 1427 1088 1454 Cur
1105 1430 1242 1461 peccatum
1263 1429 1372 1455 Diaboli
1391 1430 1428 1456 sit
1451 1430 1645 1457 irremissibile.

987 1496 1082 1529 Quare
1096 1498 1250 1531 peccatum
1266 1496 1379 1524 diaboli
1394 1497 1430 1524 sit
1448 1498 1667 1533 irremissibile,
1683 1507 1729 1527 as-

952 1543 1105 1578 signantur
1118 1543 1254 1578 plurimae
1268 1544 1404 1571 rationes.
1417 1545 1524 1578 Prima,
1540 1546 1611 1581 quia
1626 1553 1728 1572 secun-

952 1589 1025 1616 dum
1047 1589 1241 1624 Augustinum
1257 1590 1276 1624 ὁ,
1292 1590 1376 1617 nullo
1392 1592 1566 1625 suggerente
1584 1591 1728 1626 peccavit,

952 1636 980 1662 et
1001 1635 1071 1662 ideo
1094 1635 1178 1662 nullo
1201 1637 1356 1671 reparante
1381 1636 1498 1664 redibit.
1525 1637 1660 1665 Secunda
1686 1638 1729 1665 est

950 1682 1115 1709 secundum
1135 1683 1347 1709 Damasoenum
1361 1683 1382 1717 ⁵,
1409 1684 1480 1719 quia
1495 1685 1596 1711 contra
1618 1684 1727 1712 deifor-

950 1736 1030 1755 mem
1051 1727 1231 1755 intellectum
1251 1730 1406 1764 peccavit:
1427 1732 1538 1765 quanto
1558 1733 1657 1758 autem
1675 1738 1728 1758 no-

950 1775 1040 1802 bilior
1054 1777 1096 1802 est
1110 1774 1254 1809 cognitio,
1270 1777 1351 1802 tanto
1367 1776 1450 1811 pejor
1466 1778 1508 1804 est
1523 1785 1604 1804 error
1618 1777 1628 1793 ⁶
1641 1786 1647 1804 :
1666 1779 1727 1805 Ser-

951 1829 1000 1849 vus
1025 1822 1095 1848 enim
1116 1823 1200 1848 sciens
1223 1823 1388 1849 rolzmcatem
1409 1824 1528 1856 Domini,
1554 1826 1606 1851 etc.
1633 1823 1727 1852 Tertia

951 1868 1117 1895 secundum
1132 1867 1271 1895 eumdem
1286 1869 1499 1896 Damascenum
1515 1871 1570 1903 est,
1587 1870 1658 1905 quia
1673 1878 1726 1898 an-

951 1914 1034 1948 gelus
1060 1922 1121 1941 non
1146 1915 1188 1940 est
1211 1914 1407 1949 susceptibilis
1431 1915 1622 1951 poenitent1ae3
1647 1917 1727 1945 unde

951 1968 1005 1987 nee
1020 1960 1123 1987 Venice.
1141 1961 1248 1993 Quarta
1263 1962 1320 1994 est,
1337 1961 1407 1996 quia
1422 1961 1451 1988 in
1466 1962 1588 1989 diabolo
1604 1963 1728 1990 extincta.

952 2009 994 2034 est
1008 2006 1176 2042 synderesis
1196 2009 1340 2042 quantum
1356 2007 1394 2034 ad
1409 2007 1480 2035 boni
1496 2009 1725 2043 promotionem.

952 2053 1057 2086 Quinta
1068 2054 1119 2086 est,
1131 2053 1203 2088 quia
1217 2055 1324 2080 natura
1337 2053 1495 2089 spiritualis
1510 2055 1601 2081 semel
1615 2057 1728 2082 tantum

952 2098 1094 2125 vertibilis
1110 2100 1165 2132 est,
1183 2107 1217 2125 eo
1237 2099 1320 2134 quod
1335 2100 1395 2126 tota
1410 2108 1439 2127 se
1456 2102 1624 2127 convertat.-
1645 2101 1728 2136 quod

952 2152 1013 2171 non
1038 2144 1107 2171 facit
1126 2144 1232 2178 homo,
1258 2145 1327 2180 quia
1352 2153 1419 2173 caro
1447 2154 1563 2181 semper
1583 2149 1729 2182 repugnat

953 2190 1077 2226 spiritui.
1092 2191 1186 2218 Status
1201 2192 1300 2218 autem
1316 2192 1413 2227 angeli
1426 2192 1497 2220 mali
1511 2193 1615 2228 triplex
1630 2196 1681 2228 est,
1697 2196 1730 2221 ut

952 2240 1052 2273 patere
1066 2238 1162 2272 potuit
1179 2246 1214 2265 ex
1229 2238 1375 2273 praedictis
1393 2248 1398 2265 :
1415 2239 1528 2274 primus
1551 2239 1662 2267 scilicet
1681 2240 1728 2268 in-

953 2284 1112 2319 nocentiae3
1133 2285 1298 2319 secundus,
1323 2285 1430 2321 culpae3
1449 2286 1564 2321 tertius,
1588 2295 1683 2323 poenae
1701 2289 1729 2315 et

953 2339 1086 2358 miserlae.

1196 2377 1336 2410 CAPUT
1360 2378 1483 2411 XXVI.

1114 2452 1151 2477 De
1167 2451 1378 2484 proprietatibus
1398 2452 1560 2478 Daemonum.

990 2521 1141 2547 Daemones
1164 2519 1232 2546 sunt
1253 2518 1371 2554 spiritus
1389 2520 1515 2555 impuri,
1536 2520 1658 2547 humani
1681 2528 1730 2555 ge-

955 2566 1032 2594 neris
1047 2565 1167 2599 inimici,
1183 2567 1279 2592 mente
1294 2565 1463 2600 rationales,
1476 2566 1505 2593 in
1520 2566 1650 2602 nequitia
1663 2566 1730 2594 sub-

957 2641 964 2654 a
986 2641 1040 2664 imo
1065 2640 1167 2668 auctor,
1193 2637 1305 2668 quisquis
1329 2638 1369 2661 ille
1391 2638 1434 2667 sit,
1458 2638 1515 2662 libri
1536 2638 1565 2662 (le
1587 2639 1728 2663 Mz'rabilih.

957 2676 1059 2706 Script.,
1072 2675 1116 2698 lib.
1138 2675 1156 2704 l,
1175 2681 1197 2698 c.
1220 2680 1249 2697 Π.
1269 2686 1299 2690 —-
1317 2674 1327 2690 ὅ
1344 2675 1471 2703 Damaso.y
1492 2674 1521 2697 (le
1542 2674 1597 2697 Fid.
1617 2675 1728 2705 Orthod„

957 2710 1000 2733 lib.
1019 2711 1050 2740 11,
1062 2717 1084 2734 c.
1102 2716 1138 2734 111.
1150 2723 1179 2727 —
1195 2710 1204 2725 ⁶
1219 2709 1286 2739 Luc„
1300 2714 1346 2738 ΧΗ,
1364 2710 1399 2732 -Π,
