2004 3037
241 175 301 206 144

484 284 628 319 CAPUT
651 284 777 319 XXVI.

296 357 431 391 Quomodo
450 357 573 385 avaritia
590 357 626 384 sit
649 356 772 389 mortale,
791 356 834 384 vel
850 355 966 384 veniale.

275 427 421 463 Avaritia,
437 426 603 455 secundum
618 427 748 454 Marcum
767 425 895 454 Tullium
909 426 1023 454 Cicero-

239 483 325 510 nem,
343 475 386 502 est
401 473 618 502 immoderatus
632 480 718 501 amor
733 472 876 501 habendi.
893 474 957 501 llaec
969 471 1022 507 igi-

239 525 287 552 tur
300 521 431 551 consistit
445 521 476 550 in
494 520 680 558 appetendo,
701 519 750 548 vel
769 520 802 548 in
819 519 1021 556 acquirendo,

239 569 288 598 vel
302 569 334 598 in
345 568 514 597 retinendo.

275 617 302 646 Si
325 616 424 654 primo
450 615 564 649 modo,
585 614 643 642 hoe
671 616 715 642 est
742 614 876 650 quinque
899 612 1020 641 modis:

239 663 355 701 primo,
370 662 442 699 quia
457 661 569 698 appetit
587 661 685 689 aliena
705 660 837 697 appetitu
856 659 1023 696 completo,

240 710 292 747 qui
310 709 486 746 procederet
504 709 535 736 in
554 716 648 744 opus,
668 707 692 735 si
707 708 823 735 adesset
840 706 979 741 faculam,
995 708 1024 734 et

240 757 281 785 sie
296 759 339 784 est
356 757 512 792 peccatum
526 754 652 783 mortale
658 764 667 789 ;
683 753 832 788 secundo,
847 753 919 790 quia
932 760 1024 789 appe-

240 804 272 832 tit
294 803 395 832 illicita
415 802 567 830 voluntate
587 802 786 837 incompleta,
810 801 843 827 ut
868 799 892 827 si
916 799 1024 835 aliquis

240 851 382 887 indignus
392 851 515 878 conatur
528 848 708 877 beneficium
719 847 949 876 ecclesiasticum
960 846 1026 874 adi-

240 898 329 935 pisci,
345 897 386 925 sic
403 897 509 925 iterum
529 897 572 923 est
587 894 712 923 mortale
722 904 731 930 3
748 894 849 928 tertio,
868 893 892 921 si
912 893 1025 929 appetit

241 944 321 979 talia,
336 944 398 972 sive
412 944 470 971 sint
483 943 587 970 illicita
597 963 605 977 ‚
621 942 683 970 sive
699 941 797 969 aliena
808 962 816 975 ‚
833 948 902 968 cum
916 939 1023 968 volun-

242 994 299 1020 tate
319 991 537 1024 conditionata,
553 989 664 1017 scilicet
683 988 706 1015 si
726 989 826 1024 posset
838 987 949 1015 habere
963 986 1025 1015 sine

242 1038 354 1067 offensa
382 1037 432 1066 Dei
453 1045 487 1065 ac
514 1035 623 1071 iniuria
648 1034 798 1071 proximi,
825 1036 853 1062 et
883 1035 951 1061 tunc
976 1033 1025 1061 vel

241 1085 375 1119 nullum,
393 1084 442 1112 vel
463 1083 579 1111 veniale
595 1084 637 1110 cst
648 1103 656 1116 ‚
671 1082 695 1109 si
716 1081 805 1109 talem
821 1080 1024 1108 conditionem

242 1131 404 1164 actualiter,
420 1130 467 1158 vel
482 1129 671 1158 habitualiter
687 1128 793 1162 addat,
809 1127 857 1155 vel
874 1126 1023 1161 intendat;

241 1180 362 1214 quarto,
379 1177 402 1205 si
416 1176 587 1213 simpliciter
602 1175 712 1211 appetit
730 1175 840 1202 habere
856 1174 1025 1210 superflua,

242 1228 269 1254 et
287 1226 344 1254 hoc
363 1224 494 1261 appetitu
521 1223 684 1251 suffocante
706 1225 853 1256 mentem,
873 1221 983 1248 scilicet
1008 1228 1026 1248 a

243 1280 314 1300 cura
330 1272 390 1306 sui,
409 1273 436 1299 et
458 1269 695 1299 consideratione
717 1268 902 1302 divinorum,
927 1270 954 1295 et
968 1267 1024 1295 hoc

243 1322 286 1348 est
309 1320 465 1355 peccatum
493 1316 617 1344 mortale
632 1325 639 1350 3
671 1315 775 1351 quinto
786 1336 793 1349 ,
822 1314 845 1342 si
874 1314 1025 1350 superfluo

243 1374 345 1394 amore
363 1365 484 1393 inhaerct
504 1362 736 1399 temporalibus,
753 1364 851 1389 tamen
874 1360 950 1388 intra
976 1360 1025 1388 Dei

243 1421 388 1446 amorem,
402 1412 459 1439 hoc
475 1412 518 1438 est
530 1409 657 1438 veniale,

279 1460 306 1488 Si
321 1462 419 1487 autem
430 1457 553 1486 avaritia
568 1456 699 1485 consistit
714 1455 744 1482 in
761 1454 955 1490 acquirendo,
967 1453 1025 1481 hoc

243 1509 286 1535 est
308 1506 469 1543 tripliciter,
499 1505 569 1540 quia
594 1504 642 1532 vel
667 1502 793 1539 acquirit
819 1502 923 1537 injuste
949 1509 1026 1537 quo-

243 1562 372 1590 cumque
392 1552 499 1586 modo,
515 1554 543 1580 ct
561 1554 629 1579 tunc
644 1553 686 1579 est
701 1550 844 1584 mortale3
861 1549 909 1576 vcl
924 1548 1028 1584 acqui-

243 1601 280 1628 rit
292 1608 339 1628 res
356 1608 408 1636 per
427 1599 484 1627 tale
505 1607 596 1634 opus,
618 1600 667 1625 aut
690 1600 798 1630 artem,
818 1598 868 1624 aut
882 1595 1025 1629 officium,

243 1647 326 1683 quod
352 1655 405 1683 per
428 1654 458 1673 sc
481 1647 523 1673 est
546 1647 702 1681 peccatum
728 1643 867 1677 mortale,
888 1643 911 1670 si
937 1642 1026 1670 etiam

244 1697 318 1723 esset
332 1694 394 1722 sinc
412 1694 506 1727 lucro,
525 1695 552 1720 ct
567 1695 635 1720 tunc
649 1694 690 1719 est
705 1690 844 1724 mortulo3
861 1689 908 1717 vel
924 1688 1026 1725 acqui-

243 1742 281 1769 rit
295 1741 365 1769 talia
384 1749 437 1777 pcr
456 1748 578 1776 operam
597 1738 743 1772 illicitam,
764 1746 830 1773 quac
851 1738 893 1763 est
908 1735 1025 1763 veniale

244 1790 417 1825 peccatum,
439 1789 471 1815 ut
490 1794 558 1814 eum
577 1785 683 1821 aliquis
705 1784 797 1811 verba
816 1783 919 1818 jocosa
944 1790 1026 1809 com-

244 1835 328 1872 ponit
342 1835 380 1863 ad
392 1835 519 1868 lucrum,
538 1833 620 1860 salva
635 1834 733 1860 tamen
748 1831 911 1863 honestate,
928 1831 954 1856 et
969 1828 1026 1856 hoc

244 1885 286 1910 cst
305 1882 438 1916 veniale,
454 1880 510 1908 nisi
526 1879 633 1915 uliquis
651 1879 772 1914 propter
796 1875 1024 1904 delectationem

245 1927 447 1957 dissolutionis
475 1926 601 1954 totaliter
630 1933 661 1953 se
690 1924 781 1952 dedat
805 1922 931 1956 talibus,
956 1924 1026 1949 tunc

245 1975 324 2003 enim
343 1973 466 2002 mortale
488 1975 539 2001 est.
562 1972 629 2000 Dico
651 1973 751 1999 autem
771 1972 882 2005 propter
907 1969 1025 1995 delecta-

245 2025 358 2056 tionem,
374 2021 445 2058 quia
463 2020 487 2048 si
511 2019 578 2056 quis
600 2020 722 2055 propter
748 2015 951 2044 necessitatem
974 2021 1027 2049 per

244 2069 313 2097 talia
327 2069 383 2096 sibi
398 2067 639 2095 sustentationem
654 2064 833 2100 acquireret,
850 2070 918 2090 eum
935 2060 1026 2088 aliam

245 2118 338 2144 artem
357 2115 505 2143 lucrosam
521 2113 663 2145 nesciret,
679 2119 740 2139 non
762 2111 933 2146 reputarem
957 2115 1026 2135 eum

245 2163 275 2190 in
290 2165 363 2190 statu
380 2160 631 2189 damnandorum.

281 2210 309 2236 si
324 2211 422 2236 autem
441 2208 564 2236 avaritia
583 2205 713 2234 consistit
736 2204 765 2230 in
781 2201 952 2235 retinendo,
969 2200 1026 2228 hoc

246 2258 341 2292 potest
356 2264 418 2283 esse
433 2254 565 2290 quinque
581 2252 694 2279 modis:
711 2251 820 2286 primo,
837 2249 908 2284 quia
922 2247 1028 2275 retinet

247 2303 370 2330 scienter
384 2310 419 2329 ea
435 2308 500 2336 quae
515 2299 665 2326 restituere
682 2299 806 2329 tenetur,
823 2297 851 2322 et
865 2295 966 2322 animo
981 2302 1026 2321 re-

248 2349 378 2383 tinendi,
401 2348 442 2375 sic
468 2348 510 2374 est
532 2347 685 2381 peecatum
708 2341 850 2375 1nortnle;
881 2340 1026 2374 secundo,

249 2396 319 2433 quia
333 2395 437 2424 retinet
452 2402 501 2426 ea,
524 2400 590 2428 quce
613 2391 653 2418 ad
673 2389 876 2417 necessitatem
899 2395 982 2414 suam
1001 2389 1028 2414 et

249 2451 371 2472 suorum
384 2440 539 2478 pertinent,
549 2438 598 2466 vel
611 2437 650 2466 ad
665 2435 921 2464 conservationem
936 2434 1027 2461 status

250 2490 310 2525 sui,
324 2491 352 2517 et
369 2495 502 2520 suorum,
519 2484 684 2527 secundum
699 2481 782 2519 quod
798 2481 884 2509 decet
898 2480 1027 2515 dignita-

250 2539 310 2566 tem
320 2543 416 2569 suam,
427 2535 455 2563 et
463 2533 521 2561 hoc
535 2539 597 2560 nou
609 2532 652 2558 est
664 2530 834 2567 peccatum3
846 2527 943 2562 tertio,
957 2527 1028 2562 quia

250 2584 354 2613 retinet
367 2580 519 2618 superflua
535 2580 671 2615 respectu
684 2576 838 2612 utriusque
855 2574 917 2610 jam
933 2573 1027 2601 dicto-

252 2640 331 2665 rum,
348 2631 375 2659 et
394 2630 450 2657 hoc
471 2629 602 2662 tempore
625 2626 762 2653 extremae
776 2621 956 2650 necessitatis
972 2621 1024 2648 ali-

565 168 826 202 COMPENDIUM
843 168 1106 202 THEOLOGIGAE
1127 169 1353 204 VERITATIS.
1372 171 1452 205 Lm.
1475 172 1531 205 111.

1076 238 1176 275 cujus,
1190 239 1232 268 sie
1246 241 1290 268 est
1308 241 1464 276 peccatum
1476 239 1617 276 mortale3
1638 241 1760 277 quarto,
1781 241 1854 278 quia

1075 285 1180 316 retinet
1192 286 1358 323 superflua,
1378 287 1469 315 etiam
1488 286 1561 315 citra
1577 287 1740 316 extremam
1753 295 1854 316 neees-

1076 331 1206 368 sitatem,
1221 341 1258 361 ex
1272 333 1433 362 insatiabili
1447 333 1622 370 cupiditate,
1638 332 1681 362 sic
1693 336 1739 363 est
1749 341 1855 371 pecca·

1076 379 1140 407 tum
1162 380 1306 408 mortale:
1331 380 1516 417 praecipuum
1534 381 1634 408 autem
1653 379 1772 416 signum
1789 381 1855 410 talis

1077 425 1198 454 effectus
1217 428 1276 460 est,
1298 427 1383 463 quod
1398 427 1464 463 quis
1479 435 1526 455 res
1544 427 1644 463 potius
1657 427 1726 455 sinit
1738 429 1855 464 putres-

1078 479 1144 500 cere
1165 480 1257 509 penes
1280 481 1329 507 se,
1353 481 1445 510 quam
1469 473 1578 502 utiliter
1601 473 1667 502 aliis
1689 473 1855 510 dispensem

1078 518 1194 554 quinto,
1206 519 1278 555 quia
1291 520 1397 548 retinet
1411 519 1560 556 superflua
1575 520 1715 557 quaedam
1729 528 1767 548 ex
1779 520 1858 549 inor-

1078 564 1180 593 dinato
1195 573 1296 594 amore
1311 566 1538 603 temporalium,
1558 575 1613 603 per
1627 575 1717 603 quem
1730 566 1858 596 modum

1078 610 1178 640 deficit
1201 620 1220 640 a
1241 612 1343 641 medio
1367 612 1524 649 largitatis,
1550 613 1634 642 salvo
1659 615 1760 642 tamen
1781 614 1858 642 statu

1077 657 1205 693 vinulis,
1227 660 1255 687 et
1275 659 1316 687 sic
1336 663 1380 688 est
1395 659 1518 688 veniale.
1539 661 1613 688 Nota
1634 660 1718 696 quod
1735 659 1859 688 avaritia

1078 712 1115 732 ex
1133 713 1187 734 suo
1209 713 1317 741 genere
1338 709 1381 734 est
1398 707 1541 735 mortale:
1565 715 1656 743 quam
1678 707 1836 744 Apostolus
1849 707 1858 724 ¹

1078 751 1256 780 idololatriae
1278 755 1451 790 comparat:
1473 761 1535 782 non
1558 753 1629 790 quia
1648 753 1685 782 sit
1703 754 1740 782 de
1761 753 1858 791 specie

1078 798 1160 827 illius
1172 799 1296 835 peccati,
1311 807 1380 827 cum
1397 807 1460 827 non
1474 799 1583 828 habeat
1597 802 1696 829 actum
1711 801 1790 836 ejus3
1806 801 1859 829 sed

1079 845 1152 882 quia
1164 845 1234 874 facit
1246 845 1363 882 aliquid
1382 846 1477 874 simile
1492 840 1686 881 idololatriae,
1702 847 1859 876 serviendo

1079 893 1219 920 creaturoe
1233 892 1343 928 potius,
1359 900 1450 928 quam
1463 893 1604 922 Creatori.

1314 987 1457 1020 CAPUT
1485 987 1626 1021 xxvn.

1165 1058 1299 1091 Quomodo
1317 1059 1382 1093 qula
1401 1061 1436 1087 sit
1456 1060 1577 1094 mortale,
1597 1060 1640 1087 vel
1658 1059 1774 1088 veniale.

1117 1127 1190 1155 Gula
1211 1135 1248 1155 ex
1273 1135 1380 1163 genere
1403 1135 1458 1156 suo
1481 1131 1525 1156 est
1547 1130 1703 1164 peccatum
1726 1127 1860 1163 veniale,

1082 1174 1152 1210 quie
1172 1174 1318 1210 appetitus
1337 1174 1515 1202 comedendi
1539 1183 1574 1203 ex
1596 1182 1651 1203 sua
1671 1174 1786 1203 ratione
1800 1182 1862 1202 non

1082 1220 1216 1255 subjacet
1231 1220 1366 1249 dominio
1382 1221 1558 1255 voluntatis,
1577 1221 1631 1249 sed
1648 1223 1753 1250 natura
1774 1220 1863 1249 nobis

1081 1267 1173 1295 inest:
1190 1268 1274 1303 quod
1287 1269 1384 1303 potest
1399 1276 1462 1296 esse
1477 1268 1611 1304 quinque
1626 1267 1736 1296 modis.

1117 1314 1227 1348 Primo,
1244 1315 1267 1342 si
1283 1317 1325 1342 est
1339 1315 1381 1343 ibi
1403 1315 1485 1343 solus
1504 1315 1650 1352 appetitus
1672 1314 1747 1349 cibi;
1767 1316 1796 1343 et
1815 1314 1862 1343 hic

1081 1369 1239 1397 nunquam
1257 1363 1299 1389 est
1321 1364 1492 1397 peccatum:
1516 1370 1571 1390 nee
1596 1361 1685 1390 etiam
1706 1361 1862 1389 delectatio

1082 1408 1184 1436 cibum
1206 1415 1391 1444 consequens
1409 1411 1452 1436 est
1472 1410 1647 1445 pematum,
1669 1408 1701 1436 in
1715 1409 1862 1444 quantuni

1083 1454 1237 1483 ordinatur
1265 1457 1367 1483 contra
1395 1455 1542 1483 defectum
1571 1455 1629 1483 sibi
1654 1454 1836 1483 contrarium
1852 1465 1859 1483 z

1081 1501 1143 1529 hoec
1157 1501 1237 1529 enim
1257 1504 1325 1529 sunt
1343 1509 1416 1538 pure
1432 1501 1594 1537 naturalia,
1617 1501 1647 1530 in
1668 1501 1778 1538 quibus
1798 1509 1860 1530 non

1083 1549 1126 1575 est
1141 1547 1290 1582 meritum,
1306 1556 1360 1576 nec
1375 1548 1562 1576 demeritum.
1572 1549 1719 1583 Secundo,
1731 1548 1754 1576 si
1770 1556 1861 1584 appe-

1082 1594 1145 1622 titui
1166 1595 1344 1622 necessitatis
1369 1595 1541 1631 adjungitur
1564 1595 1710 1631 appetitus
1733 1594 1861 1623 delecta-

1082 1641 1170 1668 tionis
1185 1644 1213 1668 et
1227 1641 1386 1677 voluptatis
1398 1641 1426 1669 in
1441 1642 1509 1669 cibo
1518 1651 1525 1676 ;
1541 1644 1570 1670 et
1583 1641 1640 1669 hoc
1656 1644 1698 1669 est
1707 1642 1861 1678 peccatum

1081 1687 1206 1716 veniale.
1223 1688 1334 1723 Tertio,
1349 1688 1373 1716 si
1388 1691 1430 1716 est
1445 1688 1487 1716 ibi
1501 1688 1694 1724 transgressio
1708 1687 1860 1724 praeeepti,

1082 1737 1113 1762 ut
1128 1743 1195 1762 cum
1215 1735 1322 1771 aliquis
1340 1735 1402 1762 sine
1422 1735 1591 1763 necessitate
1611 1735 1699 1763 solvit
1713 1734 1860 1770 Jejunium

1083 1781 1227 1815 Ecclesiae,
1239 1782 1286 1809 vel
1299 1782 1421 1817 quando
1436 1781 1591 1817 religiosus
1604 1781 1733 1809 eomedit
1747 1788 1860 1816 carnes,

1084 1835 1152 1855 cum
1166 1828 1222 1855 hoc
1237 1828 1266 1855 in
1282 1836 1336 1855 suo
1351 1828 1455 1855 ordine
1471 1828 1507 1855 sit
1520 1827 1704 1863 prohibitum
1718 1827 1774 1855 sub
1788 1835 1861 1863 pree-

1083 1877 1184 1910 eept03
1201 1875 1242 1902 sic
1258 1877 1300 1902 est
1313 1875 1436 1902 mortale
1453 1876 1617 1910 peecatum.
1631 1875 1754 1908 Quarto,
1769 1874 1793 1902 si
1807 1882 1861 1910 ap-

1082 1922 1189 1957 petitus
1203 1921 1312 1949 edendi
1328 1923 1371 1948 est
1390 1929 1458 1949 cum
1472 1920 1612 1956 libidine,
1628 1923 1660 1949 ut
1679 1921 1801 1957 quando
1816 1921 1860 1949 ni-

1083 1968 1144 1995 mio
1163 1970 1191 1995 et
1211 1968 1293 1996 finali
1309 1968 1415 1996 affectu
1434 1968 1555 1995 inhaeret
1578 1967 1765 1996 delectationi
1786 1967 1860 2003 cibi;

1083 2018 1111 2043 et
1124 2016 1180 2043 hoc
1197 2018 1239 2043 est
1252 2017 1406 2052 peccatum
1422 2015 1557 2043 mortale.
1575 2015 1692 2050 Quinto,
1706 2015 1730 2042 si
1744 2015 1862 2043 ducitur

1083 2062 1113 2089 in
1129 2062 1372 2090 consuetudinem
1387 2061 1487 2096 talem,
1503 2069 1569 2098 quae
1583 2060 1651 2090 facit
1665 2064 1754 2090 totam
1771 2061 1862 2090 vitam

1083 2109 1213 2136 hominis
1240 2108 1484 2136 delectationibus
1509 2108 1681 2143 hujusmodi
1707 2107 1842 2144 deputari
1851 2117 1859 2142 ;

1083 2156 1146 2183 haec
1175 2157 1235 2183 tam
1261 2155 1358 2182 vicina
1384 2158 1451 2182 sunt
1475 2156 1595 2190 peccato
1619 2153 1753 2188 mortali,
1777 2154 1861 2190 quod

1084 2202 1210 2230 ebrietas
1232 2202 1269 2229 ab
1294 2201 1433 2237 Apostolo
1448 2201 1459 2217 ²
1483 2201 1558 2228 inter
1580 2202 1700 2236 peccata
1724 2200 1861 2229 mortalia

1084 2250 1281 2284 computatur.
1316 2248 1445 2275 Ebrietas
1475 2249 1575 2274 tamen
1610 2247 1792 2283 quandoque
1819 2249 1862 2276 est

1084 2296 1238 2331 peccatum
1249 2293 1376 2327 veniale,
1387 2296 1420 2321 ut
1434 2293 1557 2329 quando
1571 2293 1649 2322 ultra
1659 2293 1862 2321 necessitatem

1085 2341 1150 2377 quis
1173 2340 1301 2376 accepit,
1322 2339 1488 2368 secundum
1506 2347 1678 2368 mensuram
1692 2341 1791 2368 tamen
1805 2340 1861 2368 im-

1084 2386 1317 2423 perceptibilem.
1339 2386 1465 2420 Quando
1489 2394 1562 2415 vero
1585 2387 1652 2423 quis
1676 2386 1825 2421 egreditur
1843 2394 1861 2414 a

1084 2441 1222 2462 mensura
1236 2433 1420 2469 perceptibili
1440 2433 1605 2461 secundum
1625 2433 1770 2460 rationem
1783 2432 1860 2461 bene

1085 2480 1250 2509 ordinatam
1265 2480 1305 2508 ad
1319 2480 1559 2514 discernendum,
1571 2482 1598 2508 et
1608 2479 1666 2507 hoc
1676 2479 1707 2507 in
1718 2479 1769 2507 tali
1779 2487 1860 2507 men-

1085 2535 1167 2562 sura,
1186 2535 1222 2555 ex
1241 2535 1302 2564 qua
1325 2527 1464 2556 evertitur
1482 2528 1574 2555 status
1593 2526 1699 2554 mentis
1719 2525 1860 2555 effrenata

1119 2625 1235 2657 *Ephe-s..
1249 2631 1273 2656 v,
1290 2628 1312 2649 5.
1329 2639 1359 2644 -
1379 2626 1476 2655 ²R0m‚,
1492 2630 1551 2654 xm,
1573 2625 1610 2649 1³.
