2004 3037
217 239 257 268 96
548 227 810 265 COMPENDIUM
833 226 1094 260 THEOLOGIGAE
1113 225 1337 260 VERITATIS.
1361 226 1436 259 LIB.
1460 227 1500 259 II.

217 302 366 337 mediam,
381 303 410 329 et
425 299 606 329 inferiorem.
626 297 766 335 Superior
787 296 915 325 continet
935 297 995 324 tres

217 349 347 383 ordines,
363 347 473 375 scilicet
485 345 656 382 Cherubim,
671 343 836 381 Seraphim,
849 343 995 378 Thronos,

217 403 347 433 quorum
360 393 450 431 primi
470 393 660 422 considerant
679 391 729 420 Dei
751 390 932 425 bonitatem,
948 396 994 417 se-

217 441 308 471 cundi
325 440 495 475 veritatem,
510 440 587 469 tertii
609 439 787 476 oequitatem.
805 438 876 466 Item
889 437 921 464 in
933 435 995 472 pri-

215 489 273 518 mis
287 490 362 516 Deus
377 490 474 522 amat,
489 489 522 515 ut
535 487 661 516 charitas
669 495 678 521 3
693 486 724 514 in
738 484 876 513 secundis
890 482 995 518 noscit,

216 537 249 563 ut
262 535 386 571 veritas;
408 535 440 562 in
460 534 550 563 tertiis
569 533 671 568 sedet,
698 534 731 561 ut
750 531 882 568 aequitas.
900 529 996 558 Media

217 582 347 611 continet
359 581 595 616 nominationes,
611 579 792 616 Principatus
803 600 812 614 ,
829 580 856 606 et
869 578 996 605 Potesta-

217 633 260 659 tes
289 639 296 658 :
322 638 452 667 quorum
485 629 574 666 primi
606 630 715 664 regunt
742 626 842 656 officia
874 624 996 660 angelo-

217 685 301 712 rum;
317 679 473 714 sequentes
492 675 638 712 capitibus
653 676 782 711 praesunt
795 672 995 710 populorum;

216 724 312 753 ultimi
330 725 504 761 potestatem
522 723 658 751 coercent
676 722 855 750 daemonum.
876 720 947 746 Item
966 717 997 745 in

217 771 321 808 primis
347 773 422 799 Deus
446 770 632 803 dominatur,
657 770 688 796 ut
713 768 867 803 majestas;
895 766 927 793 in
951 772 996 792 se-

219 818 378 855 quentibus
391 817 481 853 regit,
496 819 528 845 ut
541 816 722 853 principatus
732 824 740 850 ;
757 815 788 842 in
808 813 920 842 ultimis
937 814 998 840 tue-

219 867 280 899 tur,
295 867 327 893 ut
341 864 430 893 salus.
448 863 570 892 Inferior
590 861 757 890 hierarchia
779 859 912 889 similiter
926 865 998 886 con-

220 911 293 939 tinet
305 913 363 939 tres
374 910 505 945 ordines,
518 909 627 938 seilicet
642 908 775 942 Virtutes,
787 905 997 940 Archangelos,

220 957 371 994 Angelos:
397 957 436 985 ad
463 964 592 993 quorum
617 955 732 992 priores
758 953 884 991 pertinet
910 952 999 979 mira-

221 1005 359 1033 culorum
391 1003 524 1040 operatio
535 1013 543 1038 ;
578 1002 617 1031 ad
653 1000 820 1035 secundos,
849 999 998 1034 majorum

221 1051 409 1087 negotiorum
435 1048 637 1084 denuntiatio;
657 1048 697 1076 atl
721 1047 836 1081 tertios,
862 1047 999 1074 humanae

221 1098 361 1126 custodite
377 1096 557 1125 sollicitudo.
577 1095 609 1123 In
628 1094 732 1131 primis
751 1095 826 1122 Deus
849 1094 998 1129 operatur,

221 1147 253 1173 ut
267 1145 376 1179 virtus,
392 1144 423 1172 in
443 1143 581 1171 secundis
602 1143 678 1169 Deus
692 1140 814 1176 revelat,
831 1141 862 1167 ut
882 1139 952 1173 lux;
969 1138 999 1166 in

221 1191 313 1220 tertiis
327 1191 423 1226 mittit,
439 1193 470 1218 ut
480 1190 635 1226 inspirans.
652 1189 715 1216 llaec
726 1187 805 1215 dieta
816 1188 883 1214 sunt
898 1193 1000 1214 seeun-

223 1238 296 1265 dum
316 1238 438 1266 beatum
463 1236 634 1271 Gregoriuin
651 1235 675 1269 ¹,
698 1236 726 1262 et
749 1233 915 1261 secundum
936 1234 1001 1260 Ber-

222 1284 368 1318 nardum;
398 1283 452 1311 sed
479 1280 643 1311 secundum
669 1281 856 1317 Dionysium,
878 1280 1001 1307 Virtutes

222 1333 290 1359 sunt
306 1331 421 1359 medius
435 1330 509 1358 ordo
525 1329 662 1358 secundae
676 1327 846 1356 hierarchiae
856 1347 865 1361 ,
881 1328 908 1354 ct
922 1326 1001 1354 Prin-

224 1378 337 1414 cipatus
368 1377 482 1414 primus
512 1377 587 1404 ordo
621 1375 710 1403 tertiae
736 1373 917 1402 hierarchiae.
952 1373 1001 1400 llic

224 1424 437 1453 attendendum
460 1423 543 1460 quod
569 1423 599 1450 in
625 1421 755 1458 qualibet
778 1420 865 1448 trium
894 1420 1003 1447 hierar-

225 1472 359 1500 chiarum
373 1471 591 1508 praemissarum
614 1470 733 1496 notatur
755 1468 866 1495 trinitas
888 1466 1002 1494 diviua-

224 1527 291 1547 rum
306 1526 511 1555 personarum,
524 1519 555 1544 ut
565 1518 643 1553 patet
659 1516 687 1543 in
702 1514 810 1543 coelcsti
824 1513 999 1548 hierarchia,

225 1568 285 1594 tam
299 1564 460 1601 superiori,
476 1572 568 1600 quam
587 1563 702 1597 media,
720 1570 810 1598 quam
826 1562 914 1589 etiam
930 1561 1003 1589 inie-

224 1613 306 1641 riori.

485 1658 628 1691 CAPUT
654 1658 743 1690 XIII.

384 1733 420 1758 De
439 1730 652 1765 proprietatibus
672 1729 844 1763 Angelorum.

263 1800 377 1836 Angeli,
390 1799 555 1827 secundum
568 1798 713 1827 Isidorum
723 1800 749 1831 ἵ,
761 1799 829 1824 sunt
841 1795 1005 1832 spirituales

227 1847 314 1881 facti,
340 1848 406 1875 ante
430 1854 550 1874 omnem
578 1847 743 1873 creaturam
767 1843 872 1878 creati,
900 1844 1006 1870 natura

227 1893 385 1922 mutabiles
409 1893 536 1927 conditi,
557 1892 608 1919 sed
632 1890 880 1927 contemplatione
902 1889 1007 1916 immu-

228 1941 333 1969 tabiles
351 1941 433 1975 sacti,
454 1940 554 1967 animo
578 1938 788 1974 impassibiles,
805 1938 901 1964 mente
921 1936 1007 1963 ratio-

228 1988 321 2023 nales,
337 1987 471 2015 felicitate
486 1986 597 2020 securi,
610 1985 777 2013 futurorum
791 1983 918 2020 praescii,
934 1982 1007 2018 jussi

229 2034 376 2062 mundum
401 2035 524 2069 regunt,
550 2033 630 2060 missi
658 2040 784 2068 corpora
813 2039 898 2059 aerea
927 2037 1007 2058 assu-

230 2084 328 2116 munt,
348 2081 378 2108 in
398 2080 567 2108 cwlestibus
589 2081 820 2107 commorantur.
843 2075 1008 2105 Bernardus

231 2129 267 2156 de
288 2128 395 2156 eodem
410 2129 434 2154 ³:
455 2136 468 2152 α
487 2126 696 2161 Investigemus
719 2123 957 2159 investigabilia:
982 2125 1009 2150 et

230 2176 327 2211 primo
344 2175 461 2210 spiritus
476 2182 538 2201 esse
554 2175 697 2209 potentes,
716 2172 878 2207 gloriosos,
895 2171 1009 2203 beatos,

232 2222 383 2249 distinctos
404 2221 433 2248 in
457 2220 606 2256 personis,
632 2219 790 2255 dispositos
806 2218 835 2245 in
852 2216 1008 2251 dignitate,

233 2268 270 2295 ab
295 2267 378 2295 initio
402 2268 510 2294 stantes
536 2266 565 2293 in
591 2265 695 2292 ordine
723 2273 788 2298 suo,
813 2263 957 2299 perfectos
979 2263 1009 2289 in

233 2322 340 2350 genere
364 2322 438 2348 suo,
462 2312 681 2341 immortalitate
710 2313 883 2347 perpetuos,
914 2312 1010 2336 mente

232 2369 338 2397 puros,
355 2361 461 2388 affeetu
477 2359 622 2394 benignos
634 2380 641 2392 ,
658 2357 800 2393 religione
815 2358 891 2393 pios,
906 2355 1010 2383 unani-

233 2408 332 2435 mitate
347 2406 501 2439 indivisos,
518 2413 590 2441 pace
605 2413 733 2438 securos,
748 2403 856 2431 divinis
871 2402 1010 2430 laudibus

234 2457 260 2482 et
275 2454 426 2490 obsequiis
441 2452 566 2480 deditos.
592 2463 604 2477 n
622 2453 691 2479 Item
713 2450 876 2478 secundum
892 2452 1011 2476 Bernar-

234 2502 321 2536 dum,
337 2501 367 2528 in
389 2500 502 2535 angelis
521 2501 563 2527 est
585 2499 711 2533 dignitas
730 2496 902 2530 creationis,
919 2496 1011 2530 gratia

234 2547 482 2581 confirmationis,
506 2553 590 2574 amor
611 2544 755 2573 Creator-is
765 2564 774 2578 ,
789 2543 863 2570 visio
878 2542 1012 2570 Divinita-

235 2595 278 2621 tis.
296 2596 342 2622 Est
366 2594 453 2622 etiam
477 2593 506 2620 in
530 2591 644 2627 angelis
668 2590 808 2627 potentia,
831 2590 904 2617 sicut
923 2597 1012 2624 supra

270 2696 273 2707 ¹
287 2695 372 2723 Greg„
389 2694 413 2716 ιἰι
430 2692 536 2723 Evanq„
552 2692 621 2716 boin.
641 2697 732 2715 xxxiv.
746 2703 771 2707 —-
788 2691 796 2704 ⁴.»
813 2689 881 2719 isid„
895 2688 924 2711 <Ie
940 2688 1009 2711 Sum.

1049 295 1163 332 dictum
1186 296 1248 331 est,
1279 295 1411 323 essentiae
1439 293 1602 328 subtilitati,
1629 293 1828 331 intelligentiae

1047 341 1272 378 perspicacitas,
1287 341 1374 370 liberi
1393 341 1507 370 arbitrii
1527 340 1668 375 facultas,
1690 339 1828 376 agilitatis

1049 389 1200 417 velocitas.
1226 390 1362 426 Prompte
1387 397 1490 418 omnes
1513 388 1659 417 obediunt
1667 397 1676 423 ;
1700 388 1829 423 majores

1049 436 1112 464 sine
1135 435 1262 464 elafione
1276 438 1420 472 praesunt,
1441 436 1572 464 minores
1586 435 1650 463 sine
1670 433 1744 463 vitio
1757 434 1829 464 suh-

1049 485 1132 518 sunt,
1158 483 1211 519 qui
1235 483 1275 511 ad
1299 483 1446 512 exteriora
1472 484 1599 514 exeunt,
1630 481 1669 510 ab
1697 480 1830 510 interiori

1051 529 1301 566 contemplatione
1314 537 1375 558 non
1390 529 1543 558 recedunt.
1556 529 1680 557 Omnem
1691 528 1830 557 virtutem

1049 576 1224 604 inferiorum
1244 576 1413 613 superiores
1435 576 1629 612 participant,
1643 583 1706 603 non
1727 583 1743 603 e
1762 582 1831 603 con-

1050 624 1104 650 tra.
1119 623 1174 656 Qui
1188 623 1337 651 excellunt
1350 623 1381 650 in
1394 624 1517 658 natura,
1534 622 1707 659 praecedunt
1721 621 1752 649 in
1767 629 1831 657 gra-

1049 669 1091 697 tia
1105 671 1134 698 et
1155 669 1260 705 gloria.
1284 671 1315 697 In
1340 669 1448 698 eodem
1471 668 1575 697 ordine
1599 668 1760 697 creduntur
1780 667 1831 696 alii

1051 723 1114 744 esse
1129 716 1194 744 aliis
1208 716 1369 752 digniores.
1386 717 1538 753 Duplieem
1548 717 1661 745 habent
1673 716 1830 751 visionem,

1051 763 1161 791 scilieet
1186 763 1376 799 matutinam,
1398 766 1427 792 et
1448 763 1657 800 vespertinam.
1681 762 1832 792 illumina-

1051 809 1163 844 tiones,
1177 817 1252 846 quas
1270 817 1289 838 a
1307 809 1512 846 superioribus
1529 809 1690 847 recipiunt,
1705 809 1771 838 aliis
1784 809 1833 838 tri-

1053 855 1159 884 buunt.
1565 853 1569 857 ”

1311 903 1457 937 CAPUT
1481 903 1572 938 XIV.

1066 976 1104 1002 De
1119 975 1334 1010 proprietatibus
1355 977 1380 1002 et
1395 976 1494 1009 officiis
1507 975 1672 1008 sinmilorum
1687 974 1820 1003 ordiinum.

1090 1045 1245 1080 Proprium
1260 1047 1303 1073 est
1316 1045 1469 1081 Seraphim
1483 1045 1513 1072 in
1528 1052 1631 1073 amore
1647 1044 1696 1072 Dei
1710 1043 1834 1079 ardere,

1055 1093 1083 1119 et
1096 1090 1169 1118 alios
1182 1090 1221 1118 nd
1233 1091 1405 1120 incendium
1418 1091 1511 1119 divini
1525 1091 1634 1119 amoris
1646 1098 1834 1127 promovere,

1055 1140 1083 1166 et
1103 1138 1133 1166 in
1154 1140 1246 1166 Deum
1266 1139 1425 1173 ordinare,
1450 1141 1477 1166 et
1498 1140 1589 1167 Deum
1612 1138 1747 1166 ordinate
1771 1138 1835 1166 dili-

1055 1185 1146 1221 gendi
1157 1185 1285 1213 formam
1298 1185 1439 1213 tribuere.
1457 1185 1502 1213 Isti
1516 1185 1687 1213 immediate
1700 1186 1759 1213 Deo
1771 1185 1836 1221 jun-

1056 1234 1183 1267 guntur:
1206 1235 1232 1260 et
1255 1232 1324 1260 ideo
1338 1232 1459 1268 purius,
1482 1234 1509 1260 et
1528 1231 1685 1268 perfectius
1705 1231 1736 1259 in
1755 1231 1835 1268 ipsos

1057 1280 1212 1315 operantes
1221 1279 1408 1314 theophaniae
1419 1278 1605 1307 deseruntur:
1617 1278 1655 1307 ad
1666 1278 1751 1306 aliud
1764 1286 1836 1314 quo-

1057 1333 1115 1361 que
1139 1327 1221 1353 extra
1244 1327 1377 1353 amatum
1399 1333 1460 1353 non
1485 1325 1644 1353 divertunt.
1676 1325 1835 1354 Cherubim

1057 1380 1178 1408 quoque
1200 1372 1298 1408 primo
1317 1374 1345 1400 et
1365 1372 1567 1408 principaliter
1589 1372 1723 1400 relucent
1742 1371 1835 1399 divini

1058 1419 1177 1446 lumInis
1193 1419 1277 1447 radi0
1289 1440 1297 1452 ,
1314 1426 1368 1455 pro
1383 1426 1418 1446 eo
1434 1418 1518 1454 quod
1532 1418 1658 1447 vicinius
1673 1418 1776 1454 primae
1788 1425 1837 1446 ve-

1058 1465 1134 1493 ritati
1146 1466 1319 1501 junguntur.
1337 1467 1447 1493 llorum
1462 1464 1594 1493 officium
1605 1466 1647 1492 est
1659 1471 1836 1500 promovere

1059 1512 1194 1540 homines
1217 1512 1255 1539 ad
1279 1512 1413 1540 divinam
1435 1511 1636 1547 cognitionem
1654 1520 1660 1539 :
1685 1511 1754 1539 ideo
1776 1519 1837 1547 proe

1060 1559 1171 1587 caeteris
1186 1559 1322 1586 dicuntur
1338 1558 1452 1593 lucere,
1475 1558 1545 1594 quia
1565 1557 1779 1594 plenitudinem
1793 1557 1838 1585 lu-

1060 1605 1163 1639 minis,
1179 1614 1269 1641 quam
1285 1605 1459 1641 suscipiunt,
1475 1605 1540 1633 aliis
1554 1604 1744 1632 inferioribus
1757 1611 1837 1631 com-

1060 1652 1242 1680 municando
1261 1651 1478 1679 transfundunt.
1502 1650 1609 1678 Throni
1630 1650 1778 1685 dicuntur,
1802 1658 1837 1678 eo

1061 1699 1144 1734 quod
1160 1699 1187 1725 in
1204 1699 1245 1725 eis
1261 1699 1399 1725 Dominus
1419 1697 1536 1732 sedeat,
1553 1699 1581 1724 et
1593 1696 1704 1732 judicia
1718 1705 1771 1724 sua
1785 1704 1838 1732 per

1062 1754 1112 1772 eos
1133 1745 1316 1772 determinet.
1343 1746 1371 1772 In
1394 1744 1439 1771 liis
1462 1752 1532 1779 ergo
1557 1743 1705 1779 praecipue
1729 1743 1839 1771 relucet

1062 1791 1205 1819 rectitudo
1217 1791 1307 1818 divini
1318 1790 1433 1825 judieii.
1449 1790 1480 1818 Ili
1493 1798 1614 1826 quoque
1627 1790 1764 1818 virtutem
1776 1789 1837 1824 Dei,

1062 1847 1153 1874 quam
1172 1846 1261 1874 supra
1275 1846 1305 1865 se
1327 1837 1493 1873 aei-ipiunt,
1516 1836 1555 1864 ad
1575 1836 1727 1864 inferiores
1744 1838 1838 1864 trans-

1062 1885 1199 1913 fundunt.
1221 1884 1439 1913 nominationes
1459 1883 1606 1918 dicuntur,
1626 1891 1661 1911 eo
1681 1883 1764 1920 quod
1783 1891 1838 1911 cae-

1063 1933 1130 1960 teris
1150 1932 1262 1966 angelis
1285 1931 1488 1964 dominantur,
1510 1932 1538 1958 et
1557 1930 1595 1958 ab
1617 1930 1699 1958 omni
1721 1938 1840 1966 oppres-

1064 1979 1146 2007 sione
1163 1981 1229 2006 sunt
1241 1978 1338 2013 liberi,
1355 1980 1382 2005 et
1396 1977 1469 2004 nulli
1485 1976 1616 2005 inferiori
1631 1976 1838 2012 subjiciuntur.

1064 2027 1173 2054 Ilorum
1188 2025 1330 2059 officium,
1346 2024 1511 2052 secundum
1526 2023 1700 2059 Gregorium
1718 2025 1739 2058 ‘,
1754 2025 1796 2051 est
1810 2023 1841 2050 in

1065 2073 1145 2100 bello
1160 2071 1303 2108 spirituali
1316 2071 1468 2102 instruere,
1485 2070 1611 2107 qualiter
1626 2071 1760 2106 oporteat
1771 2077 1842 2106 prae-

1065 2119 1183 2147 lationis
1208 2118 1339 2147 officium
1361 2125 1518 2152 exercere,
1543 2119 1571 2144 et
1592 2116 1716 2152 qualiter
1735 2115 1842 2143 debeat

1066 2165 1191 2193 subditis
1212 2165 1369 2192 dominari.
1393 2166 1499 2192 IIorum
1520 2163 1607 2190 etiam
1628 2162 1760 2190 officium
1779 2163 1840 2196 est,

1066 2212 1228 2240 seeundum
1245 2211 1416 2247 Dionysium
1427 2231 1435 2245 ‚
1453 2209 1555 2237 timore
1570 2209 1669 2236 servili
1684 2209 1820 2245 deposito
1831 2229 1840 2243 ,

1067 2258 1097 2287 in
1118 2260 1208 2286 Deum
1231 2257 1364 2291 moveri,
1397 2259 1424 2284 et
1447 2256 1624 2283 incessanter
1644 2255 1669 2283 ei
1693 2255 1839 2283 famulari.

1067 2305 1247 2340 principatus
1261 2304 1387 2331 subditis
1402 2303 1515 2339 angelis
1535 2304 1683 2339 praesunt,
1698 2304 1726 2330 et
1739 2310 1790 2330 eos
1804 2301 1842 2329 ad

1067 2351 1261 2380 ministerium
1287 2351 1423 2378 divinum
1450 2350 1631 2386 explendum
1657 2349 1819 2385 disponunt
1834 2357 1842 2374 ε

1069 2399 1107 2426 ad
1121 2398 1175 2426 hos
1190 2398 1334 2434 pertinet,
1349 2397 1514 2425 seeundum
1529 2396 1711 2432 Dionysium,
1727 2394 1844 2422 univer-

1068 2446 1127 2473 sale
1143 2445 1285 2480 regimen,
1301 2445 1388 2472 unius
1404 2444 1487 2480 regni
1504 2446 1605 2479 gentes
1620 2443 1727 2470 ducere
1743 2440 1782 2469 ad
1797 2441 1844 2469 Dei

1069 2492 1302 2520 similitudinem.
1321 2491 1510 2520 ministerium
1525 2497 1646 2526 quoque
1661 2495 1766 2516 eorum
1781 2490 1823 2515 est
1834 2509 1843 2522 ‚

1069 2539 1233 2567 seeundum
1252 2538 1424 2573 Gregorium
1433 2538 1454 2572 ⁵,
1479 2537 1584 2564 docere
1605 2535 1742 2563 homines
1763 2534 1845 2562 exhi-

1070 2586 1139 2614 bere
1151 2585 1346 2614 reverentiam
1361 2583 1521 2619 unIcuique
1535 2582 1699 2610 secundum
1718 2581 1844 2617 gradum

1069 2650 1142 2678 Bon.¹
1166 2648 1209 2671 lib.
1233 2649 1257 2678 l,
1277 2656 1299 2671 ιι.
1322 2653 1411 2671 x11.—-
1431 2647 1440 2662 ³
1458 2647 1545 2676 Rern„
1564 2645 1593 2669 <Ie
1615 2644 1727 2675 Consul„
1746 2644 1789 2668 lib.
1813 2644 1844 2675 V,

1071 2692 1093 2708 c.
1110 2690 1143 2708 iv.
1156 2697 1185 2701 —
1202 2684 1212 2700 δ
1224 2684 1311 2714 Greg.,
1327 2684 1351 2707 iri
1368 2684 1474 2713 Evanq„
1490 2681 1561 2705 hom.
1577 2686 1665 2705 xxxw.
1678 2693 1707 2698 --
1718 2681 1725 2695 ⁵
1737 2679 1799 2704 ibid.
