2004 3037
258 179 318 211 228

257 245 445 274 dissolvatur.
460 245 538 274 Licet
555 245 636 274 enim
653 245 780 274 Ecclesia
792 245 887 282 possit
906 242 1035 273 divortia

256 294 378 329 propter
394 291 607 329 impedimenta
627 292 808 322 matrimonii
825 292 922 321 facere
932 312 941 327 ,
957 297 1034 319 nun-

255 347 348 376 quam
365 340 465 367 tamen
487 341 585 376 potest
605 348 660 369 nec
681 340 772 369 debet
790 338 1034 373 matrimonium,

254 385 338 423 quod
351 385 482 422 legitime
496 386 678 416 celebratum
693 389 747 422 est,
763 386 925 416 dissolvere
940 395 946 414 :
963 384 1035 422 quia

254 440 331 470 quos
345 433 354 450 ¹
366 434 437 462 Deus
447 434 600 470 conjunoeit,
610 434 703 464 homo
713 442 775 463 non
785 436 889 472 potest,
901 433 1034 470 quantae·

253 487 382 516 cumque
404 481 585 510 auctoritatis
607 481 660 517 sit,
675 489 823 519 separare.
845 482 955 510 Tamen
976 479 1035 508 sol-

252 526 331 556 vitur
344 527 570 557 matrimonium
583 536 638 565 per
651 531 788 558 mortem.

288 574 448 604 Sciendum
480 575 564 612 quod
592 575 702 613 duplex
730 577 773 604 est
802 575 971 612 conjunctio
1002 574 1033 603 in

253 621 443 651 matrimonio
452 643 462 658 ‚
475 624 503 651 et
517 623 628 659 duplex
644 625 687 652 est
700 631 782 651 mors
796 621 1032 659 correspondens

250 667 304 698 illi.
330 670 378 698 Est
397 669 477 698 enim
499 670 669 706 conjunctio
695 670 855 707 spiritualis
882 677 936 706 per
961 676 1032 697 eon-

250 724 372 745 sensum
395 716 578 752 animorum,
603 725 670 754 quoe
687 717 812 746 solvitur
834 725 888 754 per
907 718 1032 745 mortem

250 762 446 800 spiritualem,
462 772 522 801 qua
542 765 636 793 homo
650 765 775 793 moritur
789 764 904 793 mundo
919 771 974 800 per
986 771 1032 792 re-

249 810 370 847 ligionis
384 811 566 847 ingressum3
583 811 642 847 alia
656 813 699 840 est
721 811 891 848 conjunctio
906 809 1033 839 earnalis

249 865 304 894 per
317 858 561 887 commixionem
583 867 727 894 sexuum,
749 866 817 895 quae
835 857 961 886 solvitur
979 864 1033 893 per

250 906 378 933 mortem
394 905 591 942 corporalem.

286 953 334 980 Est
363 953 464 981 autem
491 960 581 981 causa
611 951 793 980 matrimonii
821 950 1010 988 quadruplex
1024 971 1033 985 ,

251 997 362 1027 scilicet
382 998 530 1033 efficiens,
547 1001 579 1027 ut
602 1006 765 1027 consensus
788 998 957 1027 animorum
981 1005 1034 1034 per

250 1045 344 1074 verba
371 1045 409 1074 de
433 1045 570 1082 proesenti
597 1053 771 1082 expressus3
795 1045 974 1079 materialis,
1002 1047 1034 1072 ut

251 1091 322 1130 ipsae
336 1100 470 1129 personoe
480 1092 633 1129 legitimoe5
648 1093 793 1128 formalis,
808 1095 839 1121 ut
852 1092 1032 1127 benedictio,

251 1138 354 1168 annuli
369 1139 572 1175 subarrhatio,
589 1142 617 1168 et
635 1139 807 1176 hujusmodi
820 1150 827 1175 ;
848 1140 960 1173 finalis,
977 1139 1033 1167 du-

251 1187 320 1223 plex
342 1189 407 1215 est:
431 1195 492 1215 una
514 1187 702 1223 principalis,
723 1188 832 1215 seilicet
857 1187 950 1223 prolis
964 1194 1034 1223 pro-

253 1234 381 1268 creatio,
403 1236 430 1262 et
457 1233 660 1262 fornicationis
685 1234 821 1269 evitatio,
843 1234 915 1270 quia
935 1234 1035 1262 matri-

253 1282 389 1310 monium
411 1289 471 1309 non
493 1281 590 1310 solum
605 1281 636 1309 in
656 1281 804 1316 officium,
822 1282 874 1310 scd
894 1282 924 1309 in
940 1289 1035 1309 reme-

254 1328 338 1356 dium
354 1328 519 1356 institutum
536 1328 607 1363 fuit,
629 1328 696 1357 licet
716 1329 802 1357 suerit
821 1329 917 1365 primo
937 1328 1035 1356 solum

254 1376 285 1405 in
298 1376 440 1405 officium.
458 1376 522 1404 Alia
536 1378 579 1404 est
593 1376 780 1412 secundaria,
797 1379 825 1405 et
839 1376 890 1404 illa
904 1378 947 1405 est
963 1376 1038 1404 mul-

254 1424 344 1461 tiplex
358 1433 366 1460 3
383 1423 464 1452 unde
479 1432 583 1452 versus
599 1433 605 1451 :

272 1499 364 1524 Hostes
378 1499 507 1530 conciliat,
524 1501 547 1523 et
561 1505 592 1524 co
607 1499 760 1524 discernitur
772 1499 867 1531 haeresg

273 1535 315 1560 Bis
329 1535 399 1567 ligat,
413 1535 480 1560 alma
492 1537 572 1567 notat,
584 1536 625 1568 jus
638 1537 767 1568 transfert,
778 1539 855 1569 auget
868 1537 1004 1561 honorem.

293 1614 486 1651 Quadruplex
503 1615 692 1651 distinguitur
714 1615 936 1644 matrimonium
954 1623 960 1642 :
983 1614 1040 1651 pri-

257 1670 340 1690 mum
365 1663 408 1690 cst
435 1663 553 1690 carnale
580 1663 654 1691 inter
682 1663 780 1691 virum
808 1665 835 1691 ct
863 1662 1037 1695 mulierem;

258 1708 422 1736 secundum
438 1711 481 1736 est
494 1709 607 1737 morale
622 1709 696 1745 inter
715 1711 805 1737 Deum
821 1712 848 1737 et
863 1709 994 1736 animam
1010 1709 1039 1735 in

259 1755 388 1783 Ecclesia
407 1755 542 1783 militanti
558 1764 611 1791 per
625 1756 767 1791 gratiam;
782 1756 897 1783 tertium
913 1758 954 1783 cst
969 1755 1040 1783 alle-

260 1802 395 1838 goricum
412 1802 485 1830 inter
500 1803 645 1830 Christum
667 1805 695 1830 ct
710 1803 883 1838 Ecclesiam;
901 1804 1040 1838 quartum

260 1849 460 1885 anagogicum
481 1849 555 1877 inter
573 1851 663 1877 {teum
679 1853 706 1878 ct
721 1850 852 1878 animam
869 1850 898 1877 in
915 1849 1042 1878 Ecclesia

262 1896 461 1932 triumphante
475 1904 529 1931 per
542 1897 782 1931 conjunctionem
798 1897 910 1931 glorife.

298 1944 393 1972 Potest
414 1944 480 1980 quis
497 1944 637 1972 accedere
657 1945 695 1972 ad
712 1953 838 1972 uxorem
861 1952 946 1972 suam
969 1952 1042 1980 qua-

262 1992 329 2019 tuor
344 1990 381 2018 de
394 1990 504 2025 causis,
521 1991 632 2019 scilicet
652 1999 741 2019 causa
756 1992 859 2027 prolis,
876 1999 964 2019 causa
977 1991 1043 2019 rcd-

263 2036 354 2065 dendi
376 2037 526 2073 debitum,
550 2046 639 2066 causa
661 2038 789 2066 vitandae
813 2038 1042 2066 incontinentiae.

263 2084 324 2113 lstis
347 2084 441 2113 tribus
466 2085 562 2113 causis
590 2093 651 2114 non
673 2088 716 2113 est
742 2088 905 2122 peccatum.
935 2086 1043 2119 Quarto

299 2184 307 2200 ¹
321 2184 422 2215 Maian,
437 2190 492 2214 mx,
510 2187 532 2209 ὓ.

591 176 850 210 COMPENDIUM
869 174 1129 208 THEOLOGICAE
1149 175 1373 209 VEfflTATis.
1396 175 1471 208 LIB.
1494 175 1546 209 VI.

1089 244 1187 280 potest
1204 244 1270 273 fieri
1289 252 1380 273 causa
1400 243 1558 282 explendae
1574 243 1730 275 libidinis:
1756 247 1786 276 et
1809 247 1868 278 hoc

1089 291 1183 320 modo
1203 294 1359 328 peccatum
1381 294 1424 320 est
1443 291 1580 328 veniale,
1603 292 1653 321 vel
1671 294 1808 330 mortale,
1823 302 1867 324 se-

1089 337 1223 367 cundum
1237 339 1321 376 quod
1334 339 1430 368 libido
1449 341 1492 368 est
1509 339 1646 377 venialis,
1661 341 1710 370 vel
1722 342 1866 372 mortalis.

1125 385 1167 414 Fit
1180 387 1280 414 autem
1298 389 1451 423 peccatum
1470 387 1501 415 in
1516 387 1667 424 conjugali
1685 388 1764 418 coitu
1780 389 1867 427 quin-

1089 440 1148 469 que
1162 433 1261 462 modis
1266 443 1276 468 ,·
1291 434 1373 463 unde
1387 442 1488 463 versus
1502 443 1509 463 ε

1123 507 1240 540 Quinque
1255 508 1340 533 modis
1353 511 1445 541 peccat
1458 516 1540 534 uxore
1552 509 1659 535 maritus
1672 510 1789 541 abutens,

1120 545 1257 576 Tempore,
1272 546 1369 576 mente,
1383 545 1452 577 loco,
1468 545 1626 578 conditione,
1640 546 1729 571 modo.

1125 623 1198 651 Nota
1220 622 1304 659 quod
1325 631 1400 651 uxor
1419 623 1542 652 dimissa
1561 625 1683 660 propter
1701 623 1869 653 fornicatio-

1089 676 1175 704 nem,
1203 669 1411 699 reconciliatur
1437 670 1500 699 viro
1523 670 1625 699 multis
1647 671 1758 700 modis·
1788 671 1870 701 Unde

1088 724 1191 744 versus
1208 725 1215 743 :

1121 792 1216 817 Ultimo
1232 792 1387 824 moecliatur,
1402 792 1506 824 retinet,
1520 799 1569 818 nec
1583 793 1743 825 conciliatur,

1122 828 1221 852 Absens
1235 828 1372 859 prostituit,
1383 828 1434 860 jus,
1446 828 1514 853 fraus
1526 831 1649 854 revocant
1661 829 1805 855 mulierem.

1125 906 1190 934 Tria
1204 908 1272 934 sunt
1286 908 1461 935 ornamenta
1472 914 1604 943 sponsae,
1619 906 1729 936 seilicet
1743 906 1871 936 annulus

1090 953 1121 981 in
1136 953 1244 989 digito,
1263 953 1374 982 monile
1389 954 1419 981 in
1438 955 1575 990 pectore,
1592 961 1704 983 corona
1717 953 1748 982 in
1763 954 1868 991 capite.

1090 1001 1220 1030 Primum
1243 1001 1390 1037 significat
1414 1002 1512 1038 operis
1537 1002 1714 1038 puritatem,
1742 1001 1814 1039 quia
1838 1001 1869 1031 in

1090 1056 1183 1077 manu
1194 1050 1326 1086 estopus.
1340 1048 1519 1084 Secundum,
1531 1049 1653 1077 affectus
1661 1049 1868 1085 sinceritatem,

1091 1096 1163 1132 quia
1184 1096 1213 1124 in
1236 1098 1355 1132 pectore
1377 1098 1420 1124 est
1440 1096 1571 1124 affectus.
1587 1096 1726 1132 Tertium,
1739 1099 1870 1125 contem·

1091 1143 1230 1180 plationis
1253 1143 1429 1179 claritatem,
1452 1144 1523 1180 quia
1541 1144 1572 1173 in
1593 1144 1687 1181 capite
1701 1146 1745 1173 est
1757 1143 1870 1182 perspi·

1091 1191 1199 1219 cacitas
1213 1190 1386 1219 intellectus.

1129 1238 1223 1266 Multis
1238 1238 1274 1265 de
1296 1238 1391 1266 causis
1412 1237 1498 1267 beata
1522 1238 1611 1274 Virgo
1626 1237 1680 1266 suit
1694 1237 1872 1274 desponsata

1092 1285 1158 1313 viro
1176 1294 1182 1312 ε
1203 1285 1320 1321 primo,
1335 1287 1366 1313 ut
1382 1285 1550 1321 designaret
1571 1285 1730 1314 Ecclesiam
1747 1285 1872 1321 despon·

1094 1335 1187 1360 satam
1202 1332 1325 1367 Christo,
1337 1340 1404 1369 quae
1415 1332 1550 1360 similiter
1561 1335 1603 1361 est
1616 1333 1715 1369 virg0;
1728 1331 1872 1367 secundo,

1094 1379 1242 1416 utloseph
1255 1379 1335 1407 testis
1349 1382 1423 1407 esset
1433 1379 1628 1415 integerrimae
1642 1379 1779 1408 eastitatis
1794 1378 1872 1414 ejus;

1096 1426 1190 1462 terlio,
1211 1429 1242 1454 ut
1256 1434 1310 1463 per
1333 1426 1441 1463 loseph
1465 1427 1550 1462 origo
1573 1427 1636 1462 ejus
1657 1425 1873 1461 ostenderetur,

1096 1474 1167 1510 quia
1186 1481 1239 1510 per
1260 1473 1340 1502 viros
1362 1473 1537 1509 genealogia
1560 1473 1682 1506 texitur:
1697 1474 1818 1510 quarto,
1838 1479 1875 1502 ne

1096 1521 1302 1555 infamaretur,
1330 1521 1354 1548 si
1379 1523 1533 1556 generaret
1556 1528 1618 1549 non
1644 1520 1758 1549 habens
1786 1518 1876 1548 mari-

1096 1569 1174 1603 tum,
1191 1567 1311 1604 quinto,
1326 1575 1362 1596 ne
1377 1568 1458 1596 velut
1474 1567 1658 1596 incontinens
1673 1566 1875 1601 damnaretur,

1097 1615 1168 1652 quia
1183 1615 1220 1643 de
1238 1615 1317 1643 tribu
1333 1617 1395 1643 erat
1413 1614 1606 1649 sacerdotali,
1622 1616 1649 1643 et
1664 1613 1736 1642 tales
1751 1611 1875 1643 combu-

1096 1662 1253 1696 rebantur,
1275 1662 1339 1690 aliae
1361 1661 1501 1690 adultera)
1524 1661 1754 1698 lapidabantur;
1776 1661 1875 1695 sexto,

1097 1711 1128 1736 ut
1142 1709 1226 1744 virgo
1241 1708 1317 1736 virili
1334 1708 1439 1737 solatio
1455 1710 1679 1744 sustentaretur3
1694 1706 1831 1744 septimo,
1846 1708 1877 1734 ut

1097 1758 1198 1791 partus
1224 1755 1346 1784 diabolo
1375 1755 1533 1791 celaretur;
1566 1757 1688 1790 octavo,
1717 1761 1755 1782 nc
1784 1752 1876 1781 Judaei

1098 1802 1243 1830 christum
1267 1804 1410 1838 tanquam
1433 1802 1623 1838 illegitimum
1639 1802 1716 1837 juste
1737 1799 1876 1837 persequi

1098 1849 1279 1883 viderentur,
1307 1857 1401 1884 nono,
1428 1857 1465 1878 ne
1492 1849 1562 1885 legi,
1591 1857 1658 1886 quae
1686 1846 1877 1877 commendat

1099 1896 1337 1932 matrimonium,
1360 1896 1533 1924 contrariari
1555 1895 1695 1924 Dominus
1714 1894 1874 1923 videretur.

1135 1943 1314 1978 Notandum,
1325 1943 1408 1979 quod
1419 1943 1578 1972 duodecim
1588 1945 1655 1972 sunt
1665 1941 1878 1979 impedimenta

1100 1990 1290 2018 matrimonii.
1307 1990 1387 2018 Unde
1403 1998 1505 2018 versus
1521 1999 1527 2019 τ

1128 2078 1214 2107 Error,
1229 2077 1352 2107 conditio,
1368 2079 1467 2108 votum,
1483 2076 1614 2107 cognatio,
1629 2076 1737 2106 crimen,

1127 2113 1214 2137 Cultus
1229 2113 1371 2144 disparitas,
1385 2113 1433 2144 vis,
1447 2113 1521 2142 ordo,
1536 2112 1657 2143 ligamen,
1670 2112 1798 2139 honestas,

1127 2148 1153 2173 Si
1169 2148 1202 2172 sis
1216 2148 1308 2177 affinis,
1325 2149 1345 2172 si
1360 2149 1424 2172 sorte
1440 2148 1509 2172 coire
1523 2147 1640 2178 nequibis
1653 2155 1658 2171 ι

1128 2184 1186 2208 llaec
1201 2184 1321 2208 socianda
1337 2186 1423 2208 vetant
1436 2183 1569 2215 conjugia,
1581 2183 1671 2214 juncta
1686 2184 1834 2208 retractant.
