2004 3037
647 239 698 273 DE
721 240 885 273 NATURA
906 241 983 274 DE1.
1007 243 1094 275 CAP.
1119 242 1171 275 111.
1682 242 1721 274 63

138 312 259 350 Aliquid
272 319 335 340 non
351 313 394 340 est
413 317 509 340 unum
522 309 616 338 tribus
632 309 730 337 modis
741 331 750 344 ,
772 308 883 337 scilicet

101 360 152 389 vel
164 359 332 396 pluralitate
346 356 512 386 secundum
524 355 638 393 species
653 355 795 391 diversas,
809 357 884 384 sicut

103 407 202 443 angeli
217 408 245 435 et
262 405 352 434 stellae
366 412 428 433 non
448 405 516 432 sunt
532 411 645 438 unum;
666 403 715 432 vel
733 403 885 431 mutabili-

102 456 179 488 tate,
200 453 365 482 secundm
384 451 468 488 quod
486 459 564 479 unus
584 451 677 479 homo
692 451 793 487 plures
808 450 883 478 dici-

102 502 161 536 tur,
186 500 238 537 qui
260 499 352 528 modo
373 506 462 527 sanus
482 500 545 532 est,
566 497 659 526 modo
682 505 770 533 aeger,
790 497 883 525 modo

103 547 188 576 dives
198 569 207 582 ,
222 546 316 575 modo
331 553 465 582 pauper3
481 545 530 573 vel
544 544 761 581 propagatione
777 552 883 572 secun-

105 595 178 623 dum
192 593 330 622 eamdem
344 593 474 629 speciem
484 613 493 627 ,
515 594 604 628 prout
619 600 697 620 unus
711 592 803 620 homo
819 591 885 628 plu-

103 649 150 670 res
166 642 209 669 est
222 640 253 668 in
266 639 355 674 filiis,
374 639 426 675 qui
446 641 650 675 propagantur
669 639 707 666 ab
728 638 805 675 ipso.
829 637 886 666 Sed

104 687 179 716 nihil
199 686 409 724 praedictorum
423 686 454 713 in
473 687 531 713 Deo
552 687 603 713 est.
626 687 665 714 De
685 685 784 722 primo
807 685 886 713 enim

104 734 287 763 contrarium
319 733 465 761 habemus
490 732 521 760 in
542 731 686 768 Symbolo
712 731 884 760 Athanasii:

106 783 169 810 Haec
187 783 226 809 est
239 781 306 816 sides
323 781 474 812 catholica,
497 782 528 806 ut
547 787 631 806 unum
653 781 734 806 Deum
749 781 779 806 z'n
796 779 888 807 Trini-

107 831 179 864 tate,
195 831 220 856 et
239 829 402 855 Trinitatem
422 828 452 854 in
472 828 581 853 unitate
599 834 763 853 veneremur.
788 827 827 853 De
843 833 887 853 se-

107 875 223 909 cundo,
244 874 376 902 Psalmus
387 875 396 890 ²
409 882 415 901 ;
437 874 497 909 Ipsi
510 873 656 908 peribunt,
677 875 707 900 tu
723 874 812 900 autem
823 866 901 907 perss

106 930 208 949 manes.
231 920 441 949 Bernardus2:
461 930 474 946 «
488 922 552 948 Non
572 928 608 948 ex
626 921 759 956 tempore
781 919 888 947 altera-

108 969 220 996 tionem
238 968 330 996 habet
350 969 425 995 Deus
444 975 506 995 non
527 967 558 994 in
577 966 740 994 substantia
759 966 889 994 alterita-

109 1017 179 1042 tem.
194 1024 207 1040 »
223 1015 280 1042 Leo
296 1015 374 1050 Papa
389 1023 395 1041 z
416 1023 429 1039 «
443 1013 589 1049 Simplicis
604 1013 765 1041 divinitatis
778 1015 889 1041 naturae

108 1061 183 1089 nihil
196 1061 287 1096 addi,
309 1063 360 1088 aut
374 1060 469 1088 minui
483 1061 590 1096 potest.
608 1070 622 1087 »
639 1061 678 1088 De
693 1060 795 1095 tertio,
812 1061 890 1088 Psal-

107 1116 175 1136 mus
185 1109 195 1125 ³
210 1117 216 1134 :
230 1109 292 1135 Non
307 1109 359 1135 erit
373 1109 404 1134 in
420 1109 444 1134 te
459 1109 529 1135 Deus
543 1115 631 1134 recens
643 1116 653 1134 :
667 1115 781 1142 recens,
795 1107 826 1134 id
838 1110 891 1141 est,

107 1157 240 1182 recenter
253 1154 429 1189 formatum,
445 1153 493 1181 vel
508 1155 621 1181 natum.
638 1154 823 1182 Divinitatem
835 1154 891 1182 tria

111 1209 221 1237 genera
240 1201 398 1229 hominum
417 1200 631 1236 multiplicant,
653 1201 763 1229 scilicet
783 1204 807 1229 1.
824 1201 890 1228 ido-

112 1248 243 1283 lolatrae3
261 1247 394 1275 psalmus
403 1247 413 1263 ⁴
426 1256 432 1275 ε
448 1247 543 1275 Omnes
555 1248 599 1274 dii
613 1249 732 1282 gentium
746 1248 889 1275 doemom‘a.

111 1296 138 1322 2.
155 1294 387 1328 Necromantici,
408 1294 459 1330 qui
479 1294 643 1322 attribuunt
662 1294 801 1323 virtutem
822 1295 892 1322 cha-

111 1341 294 1376 racteribus,
315 1343 342 1369 et
360 1341 537 1376 hujusmodi
554 1341 689 1369 stultitiis.
711 1345 737 1371 3.
755 1342 893 1370 Carnales

112 1388 249 1416 homines
262 1410 269 1422 ‚
292 1390 324 1416 ut
337 1388 434 1424 gulosi
448 1388 579 1416 colentes
594 1389 728 1416 ventrem
742 1399 748 1416 z
769 1391 893 1425 Aposto-

114 1435 160 1463 lus
170 1437 180 1452 ⁵
196 1445 202 1463 :
221 1436 338 1468 Quorum
353 1437 422 1463 Deus
438 1439 529 1463 venter
545 1439 603 1469 est‚·
620 1437 647 1463 et
662 1436 763 1471 avari,
779 1437 830 1472 qui
846 1445 894 1464 su-

114 1490 168 1518 per
182 1482 284 1510 omnia
297 1482 456 1518 pecuniam
471 1484 571 1510 amant
587 1483 763 1519 :Apostolus
773 1484 783 1500 6
798 1493 804 1510 :
820 1484 894 1511 Ava-

115 1530 185 1556 ritia
196 1551 204 1561 ‚
222 1537 282 1564 quae
296 1529 429 1556 idolorum
444 1532 482 1556 est
497 1531 624 1556 servitus.

152 1577 199 1603 Est
213 1575 313 1611 itaque
327 1576 358 1603 in
374 1577 432 1603 Deo
448 1584 518 1604 vera
532 1576 628 1604 unitas
646 1578 769 1613 propter
783 1577 895 1613 simpli-

117 1623 248 1656 citatem,
262 1622 532 1650 immutabilitatem
542 1644 550 1657 ,
567 1625 595 1651 et
609 1623 854 1659 singularitatem,
869 1626 898 1652 et

117 1670 237 1706 propter
260 1669 378 1697 unitatis
401 1672 539 1697 creaturae
557 1670 804 1698 similitudinem:
826 1671 898 1707 quia

117 1716 192 1744 sicut
205 1716 301 1744 unitas
317 1724 334 1743 a
349 1716 433 1744 nullo
453 1717 623 1751 descendit,
640 1719 668 1744 et
684 1718 780 1745 omnis
797 1718 897 1754 plura-

117 1761 183 1790 litas
197 1762 236 1790 ab
259 1771 294 1790 ea
309 1762 429 1798 defluit,
445 1763 486 1790 sic
505 1765 580 1791 Deus
599 1772 616 1791 a
638 1764 740 1798 nullo,
754 1767 782 1791 et
797 1765 898 1793 omnia

119 1809 157 1836 ab
177 1810 252 1845 ipso.
277 1811 364 1844 ltem,
385 1809 459 1837 sicut
482 1810 579 1838 unitas
603 1810 640 1837 de
664 1819 694 1838 56
719 1811 812 1846 gignit
832 1812 898 1839 uni-

119 1857 225 1891 tatem,
241 1856 280 1884 ita
296 1858 370 1884 Deus
392 1858 475 1884 Pater
499 1857 536 1884 de
559 1865 589 1884 se
605 1857 698 1892 gignit
717 1858 842 1886 alterum
857 1867 898 1893 se,

119 1905 152 1930 ut
172 1902 242 1930 dicit
267 1903 464 1938 Augustinus,
486 1903 518 1931 id
541 1906 601 1939 est,
623 1904 749 1932 alterum
772 1905 899 1933 similem

120 1948 187 1983 sibi,
202 1949 250 1977 vel
265 1950 391 1978 alterum
406 1959 424 1978 a
439 1959 481 1984 se,
497 1950 607 1978 scilicet
621 1951 736 1979 Filium.

157 1997 216 2023 Hoc
230 2004 341 2024 nomen
361 1999 432 2024 Deus
450 1997 601 2033 tripliciter
621 1998 776 2034 accipitur,
792 1999 902 2027 scilicet

121 2042 307 2077 naturaliter,
330 2043 489 2079 adoptive,
517 2046 545 2071 et
568 2045 776 2080 nuncupative.
804 2046 900 2073 Primo

121 2089 214 2116 modo
237 2089 293 2116 soli
314 2090 371 2116 Deo
397 2091 549 2125 convenit3
570 2091 701 2118 secundo
717 2092 809 2119 modo
829 2101 900 2120 con-

121 2136 202 2163 venit
224 2135 312 2163 bonis
336 2136 525 2170 hominibus,
552 2137 604 2172 qui
629 2137 736 2164 divinae
762 2138 902 2166 bonitatis

121 2182 279 2218 participes
303 2185 370 2210 sunt
394 2191 448 2218 per
467 2183 593 2218 gratiam
615 2184 829 2219 providentia-2⁶,
855 2186 901 2212 vel

123 2229 304 2264 doctrinam,
327 2231 355 2257 et
379 2232 555 2266 potestatem
577 2230 772 2266 praelationis,
798 2235 825 2259 ct
849 2240 901 2267 po-

122 2277 254 2304 testatem
277 2276 501 2304 miraculorum.
529 2277 681 2305 Psalmista
707 2279 805 2313 7:1390
820 2280 900 2306 dztri:

123 2325 171 2350 Dii
185 2325 258 2354 estis,
271 2326 296 2350 ec
308 2324 363 2357 filii
377 2324 474 2350 eoecelsi
484 2332 580 2351 omnes.
593 2325 687 2352 Tertio
700 2325 792 2353 modo
808 2326 848 2353 dii
861 2326 904 2353 di-

124 2371 229 2397 cuntur
244 2369 344 2401 idola;
359 2369 412 2397 sed
427 2370 491 2397 solo
506 2370 627 2398 nomine
637 2392 646 2405 ,
665 2372 735 2407 quia
747 2380 793 2399 res
809 2374 904 2400 nomi-

123 2417 184 2450 nis,
199 2416 308 2444 scilicet
323 2416 472 2450 divinitas,
489 2416 546 2443 illis
561 2425 623 2444 non
638 2419 786 2446 convenit.
806 2420 901 2447 Primo

122 2463 214 2490 modo
236 2471 297 2491 non
315 2463 406 2490 habet
421 2463 535 2499 plurale
556 2463 618 2499 1106ι
633 2473 744 2493 nomen
766 2467 835 2493 Deus
851 2475 903 2502 per

123 2517 164 2543 56,
181 2517 247 2536 611111
261 2510 296 2537 511
309 2517 384 2537 1111115
398 2509 478 2537 501115
493 2518 580 2537 verus
596 2512 680 2546 Deus,
695 2520 749 2539 1166
765 2512 903 2540 divinitas

123 2555 244 2591 recipiat
267 2556 500 2590 distinctionem;
528 2556 580 2583 sed
609 2559 740 2586 secundo
770 2562 797 2587 et
819 2560 901 2588 tertio

123 2601 216 2630 modo
232 2602 348 2637 plurale
364 2603 464 2631 hahet.

158 2664 244 2688 ¹11sal,
263 2671 296 2695 cI,
313 2667 351 2690 27.
366 2680 397 2684 —
412 2668 422 2683 ²
433 2669 519 2699 Rern„
533 2670 563 2693 de
579 2669 690 2699 Consid.‚
706 2670 751 2693 lib.
767 2670 799 2698 V,
815 2677 838 2693 6.
855 2676 901 2699 vil,

126 2703 183 2731 post
203 2701 269 2724 med.
286 2714 315 2718 ——
333 2701 341 2715 ³
361 2702 426 2727 Psal.
448 2710 526 2735 mxx,
546 2708 583 2729 10.
599 2719 629 2723 —
646 2706 655 2721 4
677 2706 743 2729 Mul.
761 2712 818 2736 xcv,
834 2707 856 2730 J).
873 2718 902 2722 ἢ

1197 357 1357 392 CAPUT
1391 358 1458 391 III.

1059 429 1135 462 Quod
1153 437 1236 457 unum
1255 430 1343 457 solum
1365 429 1538 465 Principium
1557 432 1606 457 est.

977 497 1056 526 Sicut
1077 506 1155 526 unus
1173 498 1255 526 solus
1274 500 1349 526 Deus
1374 500 1431 532 est,
1447 498 1488 526 sic
1511 505 1605 526 unum
1626 496 1724 525 solum

941 544 1122 581 principium
1142 547 1184 573 est
1201 554 1207 573 :
1224 545 1308 581 quod
1323 544 1485 573 ostenditur
1502 543 1658 580 multiplici
1679 552 1726 572 ra-

942 591 1033 620 tione.
1063 592 1160 620 Primo
1183 592 1235 626 sic,
1264 592 1409 628 quoniam
1437 591 1461 619 si
1489 591 1550 618 duo
1579 590 1726 626 principia

943 640 1030 672 sunt,
1056 646 1151 666 unum
1174 638 1284 666 scilicet
1307 647 1422 666 summe
1440 638 1556 666 bonum
1567 659 1576 673 ‚
1593 639 1621 665 et
1643 637 1726 665 aliud

943 693 1059 713 summe
1081 685 1215 720 malum,
1231 687 1282 713 aut
1305 685 1527 713 communicant
1549 684 1580 712 in
1604 684 1726 712 existere

943 740 997 768 per
1012 740 1058 766 se,
1073 733 1105 760 ut
1121 733 1255 760 Socrates
1275 734 1303 760 et
1325 732 1422 767 Plato,
1437 734 1488 760 aut
1511 739 1582 759 non.
1603 731 1631 760 Si
1646 739 1725 766 non,

945 787 1015 814 ergo
1036 779 1163 807 alterum
1183 779 1305 807 illorum
1324 779 1378 807 erit
1391 787 1443 807 ens
1459 787 1511 815 per
1527 778 1624 813 aliud,
1648 778 1728 806 etita

944 834 1007 854 non
1022 828 1108 854 erunt
1118 827 1179 855 duo
1190 826 1347 862 principia.
1362 826 1389 854 Si
1405 826 1456 861 sic,
1472 826 1525 853 sed
1538 825 1661 853 existere
1674 833 1728 861 per

945 881 976 901 se
992 873 1108 901 bonum
1121 875 1173 908 est,
1189 873 1304 902 malum
1319 875 1420 901 autem
1434 873 1501 909 plus
1517 874 1590 900 esset
1603 872 1728 907 malum,

946 919 970 947 si
993 928 1055 947 non
1083 920 1207 948 haberet
1234 920 1311 948 illud
1333 920 1468 948 bonum:
1498 927 1569 955 ergo
1597 927 1659 947 non
1687 920 1731 946 est

946 975 1062 994 summe
1083 967 1216 1002 malum,
1238 967 1310 1003 quia
1328 967 1352 994 si
1376 975 1438 994 esse
1462 975 1516 1002 per
1539 974 1569 994 se
1588 966 1728 1001 haberet,

945 1013 1003 1041 hoc
1018 1013 1117 1049 ipsum
1132 1021 1210 1048 esse,
1226 1014 1311 1050 quod
1329 1015 1371 1041 est
1386 1013 1516 1048 bonum,
1533 1021 1649 1040 summe
1665 1021 1730 1040 ma-

946 1060 1010 1087 lum
1037 1069 1100 1088 6556
1126 1068 1188 1088 11011
1213 1061 1330 1088 sineret.
1362 1061 1502 1088 Praeterea
1530 1060 1561 1087 in
1590 1059 1730 1087 creaturis

948 1110 1076 1143 quatuor
1090 1107 1299 1143 inveniuntur,
1321 1107 1432 1135 scilicet
1447 1106 1621 1141 multitudo,
1638 1106 1729 1140 ordo,

947 1154 1149 1189 imperfectio,
1165 1156 1193 1182 et
1207 1154 1364 1182 connexio.
1388 1154 1557 1182 Secundum
1573 1153 1730 1190 quodlibet

947 1201 1073 1229 istorum
1097 1202 1243 1238 probatur
1268 1209 1363 1229 unum
1387 1203 1503 1229 tantum
1531 1209 1593 1229 esse
1622 1201 1730 1237 princi-

947 1248 1042 1284 pium.
1055 1248 1156 1276 Omnis
1166 1248 1338 1283 multitudo,
1351 1248 1516 1276 secundum
1530 1247 1730 1283 Dionysium&

949 1295 988 1323 ab
1009 1295 1121 1323 unitate
1145 1295 1233 1323 trahit
1255 1295 1422 1330 originem:
1447 1303 1518 1330 ergo
1543 1303 1663 1322 necesse
1689 1296 1732 1322 est

949 1342 1047 1370 omnis
1060 1342 1259 1370 multitudinis
1273 1350 1368 1370 unum
1382 1350 1443 1370 esse
1456 1341 1646 1378 principium.
1660 1342 1732 1369 Item

950 1389 1047 1416 omnis
1074 1389 1150 1417 ordo
1176 1398 1245 1417 cum
1272 1389 1381 1417 habeat
1405 1389 1488 1425 prius
1517 1391 1545 1416 et
1566 1389 1731 1425 posterius,

951 1438 1067 1472 oportet
1088 1437 1172 1472 quod
1193 1445 1288 1464 unum
1306 1436 1416 1464 habeat
1433 1436 1623 1472 principium.
1645 1438 1731 1471 116111,

950 1483 1117 1510 secundum
1136 1483 1293 1511 Boetium:
1317 1494 1330 1507 «
1353 1483 1445 1511 Omne
1466 1483 1670 1519 imperfectum
1693 1484 1731 1511 31)

951 1530 1053 1565 aliquo
1077 1530 1249 1565 simpliciter
1268 1529 1397 1565 perfecto
1417 1530 1504 1557 trahit
1527 1530 1689 1565 originem,
1706 1533 1733 1558 et

951 1576 1009 1604 hoc
1030 1578 1072 1604 est
1091 1578 1165 1604 Deus
1189 1578 1298 1604 noster.
1326 1586 1339 1602 »
1365 1578 1436 1604 ltem
1462 1577 1558 1604 omnis
1585 1577 1732 1605 connexio

953 1623 1151 1656 diversorum,
1167 1631 1288 1651 causam
1302 1623 1394 1650 habet
1412 1631 1471 1650 suae
1486 1624 1690 1658 connexionis,
1706 1625 1735 1650 et

954 1670 1185 1698 conservationis
1201 1671 1240 1699 ad
1256 1679 1364 1698 unum:
1380 1673 1408 1698 et
1420 1671 1478 1698 hoc
1494 1673 1537 1698 651
1551 1673 1634 1698 Deus.
1652 1672 1734 1706 Item,

953 1717 978 1744 si
1001 1719 1075 1745 esset
1094 1725 1189 1745 unum
1212 1726 1328 1745 summe
1350 1718 1482 1752 malum,
1508 1726 1525 1745 a
1547 1726 1607 1754 quo
1634 1718 1735 1746 omnia

954 1764 1033 1792 mala
1049 1766 1155 1798 essent,
1170 1767 1343 1800 sequeretur
1353 1765 1437 1800 quod
1451 1765 1616 1792 secundum
1627 1773 1735 1800 corpus

954 1811 1082 1838 Christus
1103 1814 1178 1839 esset
1199 1811 1237 1839 ab
1261 1811 1314 1839 illo
1336 1812 1417 1839 malo
1438 1812 1604 1848 principio,
1621 1812 1735 1840 cumin

955 1865 990 1885 eo
1011 1857 1098 1886 suerit
1118 1858 1233 1886 malum
1252 1866 1346 1894 poenae
1367 1868 1374 1885 :
1400 1859 1484 1895 quod
1505 1859 1671 1887 absurdum
1693 1861 1735 1886 est

955 1904 1063 1932 dicere.

992 1953 1031 1979 Ex
1044 1951 1191 1987 praedietis
1204 1954 1294 1988 patet,
1305 1953 1389 1988 quod
1403 1955 1477 1980 Deus
1488 1955 1530 1981 est
1543 1953 1734 1989 principium,

956 2000 983 2026 et
999 2007 1167 2034 summum,
1188 2001 1215 2026 et
1234 2008 1328 2027 unum
1344 2000 1442 2028 solum
1461 2001 1655 2036 principium,
1673 2002 1735 2027 tum

955 2046 1068 2074 ratione
1099 2046 1262 2082 dignitatis,
1287 2050 1351 2074 tum
1372 2048 1486 2075 ratione
1513 2047 1734 2082 antecessionis,

956 2095 1018 2120 tum
1032 2093 1146 2121 ratione
1163 2093 1349 2121 causalitatis.

1234 2187 1374 2221 CAPUT
1399 2188 1457 2222 IV.

1215 2259 1291 2291 Quod
1320 2261 1402 2287 Pater
1433 2263 1480 2287 est.

993 2328 1142 2355 AEternum
1166 2330 1281 2356 Patrem
1305 2337 1367 2356 esse
1392 2338 1446 2365 per
1475 2330 1531 2358 hoc
1559 2331 1737 2366 ostenditur,

958 2374 1040 2409 quod
1063 2383 1132 2402 cum
1153 2376 1227 2402 Deus
1250 2375 1285 2402 511
1308 2376 1542 2412 potentissimus,
1559 2378 1737 2414 sapientissi-

957 2429 1023 2448 mus
1043 2423 1071 2448 et
1090 2421 1234 2457 optimus,
1250 2424 1360 2457 potest,
1376 2423 1428 2450 scit
1448 2426 1475 2451 et
1495 2424 1559 2451 vult
1573 2433 1602 2451 se
1622 2433 1736 2453 summe

958 2466 1178 2493 communicare
1196 2476 1202 2493 z
1222 2466 1280 2493 hoc
1295 2469 1393 2494 autem
1414 2470 1456 2495 est
1475 2469 1558 2496 alteri
1579 2470 1737 2504 majestatis

958 2520 1017 2539 sure
1041 2512 1259 2548 plenitudinem
1282 2513 1376 2541 dare:
1399 2522 1469 2549 ergo
1498 2516 1570 2542 Deus
1595 2517 1677 2543 Pater
1698 2517 1736 2543 ab

958 2562 1066 2587 aeterno
1082 2560 1188 2587 Filium
1202 2560 1258 2588 sibi
1273 2561 1419 2597 {equalem
1434 2563 1552 2597 genuit,
1569 2563 1615 2590 cui
1631 2563 1737 2591 divini-

958 2607 1023 2634 tatis
1048 2615 1107 2635 suae
1132 2608 1287 2635 essentiam
1307 2609 1544 2637 communicavit.
1567 2610 1638 2637 Dicit
1657 2611 1736 2639 enim

961 2669 971 2685 ⁵
986 2669 1092 2700 Philip.y
1107 2676 1146 2700 111,
1164 2672 1199 2694 10.
1214 2685 1244 2688 —
1264 2672 1273 2685 «ἱ
1290 2671 1391 2701 Esther..
1408 2678 1430 2699 v,
1448 2674 1470 2695 5.
1487 2685 1518 2690 —
1532 2673 1542 2689 ⁷
1557 2673 1625 2697 Psal.
1645 2680 1735 2704 Lxxxi,

958 2706 981 2728 G.
994 2718 1023 2722 —
1038 2706 1144 2736 Β111011,
1160 2707 1189 2730 cle
1204 2707 1261 2730 Diu.
1279 2707 1361 2736 Nom„
1379 2716 1400 2731 6.
1421 2714 1477 2732 xlii.
