2004 3037
595 205 647 239 ΒΕ
667 205 827 238 ULTIMIS
849 205 1116 240 TEMPORIBUS.
1141 209 1228 242 CAP.
1253 210 1349 243 v-vt.

163 273 232 304 licet
261 274 376 311 oratio,
406 275 576 311 jejunium,
604 273 812 310 eleemosyna,
839 275 868 302 et
893 281 942 302 sa-

163 322 349 350 cramentum
373 321 482 350 altaris.
503 323 636 356 Quorum
658 328 800 349 numerus
826 321 867 349 sic
894 329 943 349 ac-

164 369 298 406 cipitur:
331 369 475 406 quoniam
508 367 636 397 defuncti
669 376 686 396 a
709 375 800 404 poena
827 367 943 397 absolvi

162 418 288 452 possunt
311 416 430 444 duobus
450 415 565 451 modis,
585 414 696 443 scilicet
710 422 764 451 per
777 415 856 443 viam
877 423 944 450 gra-

163 463 227 498 tiae,
246 464 273 491 et
290 471 343 500 per
360 463 442 491 viam
457 462 584 498 justitiae.
602 463 654 490 Per
673 462 752 490 viam
773 461 872 498 gratiae
889 462 944 490 du-

163 509 301 546 pliciter:
326 509 423 546 primo
444 517 497 546 per
520 509 761 537 intercessionem
789 509 943 545 publicam

165 556 277 593 capitis,
290 564 356 594 quae
370 557 413 584 est
427 556 457 584 in
472 556 624 585 oblatione
637 556 811 584 sacramenti
827 556 942 592 altaris3

164 603 295 632 secundo
326 611 380 640 per
410 603 650 632 intercessionem
680 603 765 640 quasi
796 603 944 640 privatam

164 650 386 686 membrorum,
410 650 519 679 scilicet
540 658 594 686 per
616 650 764 679 orationes
784 651 942 686 justorum.

163 697 300 726 Similiter
321 705 375 734 per
402 697 482 726 viam
502 697 620 733 justitiae
641 697 820 734 dupliciter:
845 697 943 734 primo

162 752 216 781 per
247 744 373 772 modum
399 745 614 782 redemptionis
636 753 747 781 poenae,
778 745 886 773 scilicet
913 745 944 772 in

164 791 422 828 eleemosynarum
431 792 603 827 largitione3
613 793 744 820 secundo
756 801 808 828 per
818 792 944 820 modum

164 838 319 867 solutionis
338 847 448 875 poenae,
469 839 578 867 scilicet
599 839 629 867 in
648 839 831 874 jeJuniorum
852 839 944 867 afflic-

164 885 252 914 tione.
277 885 304 914 Si
326 888 424 914 autem
444 886 595 922 quaeritur,
612 886 735 922 quando
755 885 877 922 incipiat
896 893 945 913 va-

164 931 225 960 lere
241 932 380 961 defuncto
400 933 432 961 id
455 933 538 969 quod
559 941 614 969 pro
635 940 665 961 se
687 933 751 961 ficri
771 932 943 968 mandavit3

165 979 325 1007 dicendum
341 979 424 1015 quod
439 987 515 1015 opus
530 988 671 1016 operanS,
688 980 719 1008 id
734 982 790 1015 est,
807 980 946 1008 meritum

164 1027 291 1057 auctoris
305 1028 402 1056 statim
416 1028 607 1065 consequitur
625 1031 778 1057 mortuum
792 1029 828 1056 de
844 1029 944 1064 bonis,

164 1083 230 1111 quae
255 1074 394 1111 praecepit
416 1083 471 1111 pro
501 1075 601 1103 anima
623 1084 677 1104 sua
702 1076 782 1111 fieri3
807 1076 860 1104 sed
883 1084 945 1103 non

166 1129 242 1158 opus
256 1123 423 1158 operatum,
438 1122 471 1150 id
485 1124 528 1150 est
540 1122 651 1150 fructus
665 1122 757 1159 ipsius
772 1123 880 1158 operis,
896 1131 946 1150 us-

165 1175 287 1205 quequo
301 1168 353 1196 fiat
367 1168 423 1205 (a):
449 1169 519 1205 quia
539 1169 670 1205 primum
683 1169 762 1197 valet
783 1177 820 1197 ex
840 1169 945 1197 merito

165 1215 318 1252 absoluto,
342 1216 395 1245 sed
418 1216 583 1246 secundum
607 1225 643 1245 ex
665 1217 771 1245 merito
796 1217 944 1245 conditio-

164 1263 236 1293 nali.

424 1345 449 1379 C
459 1346 489 1379 A
499 1345 525 1378 P
536 1345 567 1379 U
577 1345 603 1378 T
643 1345 681 1380 V.

267 1425 384 1459 Quorum
402 1425 537 1459 suffraoz‘a
553 1426 673 1460 prosint,
694 1427 718 1452 et
736 1425 839 1460 quibus.

198 1500 243 1530 Ad
256 1500 314 1529 hoc
329 1500 413 1537 quod
423 1500 541 1529 valeant
555 1501 704 1536 suffragia,
718 1501 878 1537 requiritur
892 1501 944 1529 ali·

163 1548 236 1585 quid
251 1556 288 1576 ex
304 1550 387 1584 parte
402 1549 524 1583 agentis,
541 1550 568 1576 et
583 1548 697 1584 aliquid
713 1556 748 1576 ex
762 1550 845 1584 parte
860 1556 942 1576 mor-

162 1595 205 1623 tui
217 1595 393 1631 recipientis.
407 1597 446 1623 Ex
459 1597 542 1631 parte
557 1595 669 1630 agentis
684 1595 843 1631 requiritur
858 1595 942 1631 quod

161 1641 198 1670 sit
217 1641 249 1669 in
263 1642 418 1677 charitate,
435 1645 462 1670 et
483 1642 566 1678 quod
588 1642 781 1670 intentionem
797 1650 882 1669 suam
897 1642 941 1670 di-

161 1689 238 1724 rigat
250 1688 290 1716 ad
309 1689 385 1724 illos,
409 1689 518 1725 quibus
532 1689 597 1717 vult
619 1692 651 1717 ut
672 1697 763 1725 opera
782 1697 835 1717 sua
849 1689 941 1725 profi-

162 1735 248 1764 ciant.
267 1735 509 1771 Distinguendum
524 1738 566 1764 est
583 1738 683 1764 tamen
703 1736 786 1772 quod
800 1736 941 1771 suffragia

161 1790 215 1819 per
234 1783 348 1811 malum
362 1785 486 1819 possunt
499 1783 563 1811 fieri
580 1783 756 1818 dupliciter:
775 1783 821 1810 vel
837 1786 869 1811 ut
887 1791 940 1819 per

162 1832 313 1857 auctorem
323 1851 330 1864 ,
346 1832 374 1857 et
386 1831 428 1857 sio
442 1838 504 1858 non
519 1833 644 1865 prosunt
658 1830 714 1857 nisi
728 1830 802 1858 forte
822 1838 876 1866 per
892 1838 940 1858 ac-

162 1876 278 1910 cidens,
303 1876 411 1904 scilicet
435 1877 465 1904 in
489 1879 634 1913 quantum
658 1885 711 1912 per
735 1877 940 1913 eleemosynas

161 1922 232 1951 mali
244 1923 373 1950 hominis
384 1924 545 1951 excitantur
555 1923 627 1951 boni
642 1932 788 1960 pauperes
802 1924 840 1951 ad
853 1932 938 1952 oran-

163 1969 235 1997 dum
243 1978 298 2005 pro
313 1970 472 2005 desunctis3
489 1971 576 1998 velut
590 1979 642 2006 per
657 1972 834 2006 ministrum,
844 1973 871 1999 et
881 1972 938 2000 hoc

162 2016 329 2052 dupliciter,
345 2017 415 2052 quia
429 2017 477 2044 vcl
503 2017 571 2045 facit
590 2026 625 2045 ca
641 2021 669 2045 ut
682 2019 716 2054 (b)
732 2019 864 2046 minister
885 2027 938 2054 pu-

160 2062 256 2091 blicus
277 2063 326 2091 Dei
345 2065 372 2091 et
396 2063 543 2098 Ecclesiae,
559 2064 632 2091 sicut
654 2065 776 2100 quando
800 2065 938 2093 sacerdos

159 2110 257 2139 malus
271 2110 401 2138 celebrat
414 2110 544 2145 Missam,
559 2111 607 2138 vel
626 2112 687 2146 agit
705 2112 844 2147 exequias
859 2120 939 2139 mor-

159 2160 294 2191 tuorum,
314 2159 342 2185 et
358 2157 428 2185 talia
442 2165 559 2193 semper
578 2160 716 2194 prosunt,
740 2159 810 2194 quia
824 2159 937 2187 malitia

159 2204 284 2232 ministri
303 2212 365 2232 non
388 2207 475 2232 nocet
496 2205 578 2240 operi
598 2205 669 2232 boni
693 2205 819 2233 auctoris
836 2215 841 2232 ι
864 2205 937 2233 sicut

158 2253 239 2287 patet
255 2251 286 2278 in
300 2251 423 2279 domino
441 2252 519 2286 justo
536 2251 623 2279 dante
646 2252 869 2288 eleemosynam
883 2261 937 2289 per

159 2306 278 2326 servum
291 2298 413 2326 malum.
430 2298 457 2326 Si
471 2306 543 2326 vero
558 2298 627 2327 facit
641 2307 676 2327 ea
690 2302 721 2327 ut
734 2300 866 2328 minister
880 2301 937 2337 pri-

158 2347 233 2372 vatae
254 2353 404 2380 personae,
431 2345 578 2373 existentis
605 2348 704 2374 tamen
727 2347 757 2375 in
783 2348 936 2382 charitate,

159 2391 220 2419 sive
235 2391 374 2426 defuncti,
390 2392 450 2419 sive
466 2393 595 2428 alterius,
613 2393 701 2421 etiam
716 2394 786 2422 talia
800 2398 934 2430 prosunt,

160 2439 231 2474 quia
245 2447 319 2475 opus
337 2439 429 2473 illud,
451 2439 517 2467 licet
537 2440 572 2467 sit
593 2443 743 2469 mortuum
765 2442 867 2477 quoad
883 2443 935 2470 mi-

159 2485 298 2520 nistrum,
318 2494 379 2514 non
399 2489 497 2514 tamen
518 2488 620 2522 quoad
643 2489 803 2516 auctorem.
821 2489 849 2517 Si
864 2497 934 2517 vero

160 2531 256 2560 malus
278 2533 408 2561 minister
430 2533 499 2561 facit
521 2533 621 2569 aliqua
642 2534 679 2561 de
705 2535 846 2564 mandato
872 2537 935 2571 ejus

160 2578 211 2614 qui
226 2586 287 2606 non
301 2581 342 2607 cst
356 2580 386 2607 in
401 2579 554 2615 charitate,
571 2588 632 2608 non
646 2584 780 2617 prosunt.

195 2677 228 2708 (a)
245 2676 304 2701 Caet.
320 2677 378 2701 edit⁴
394 2678 463 2703 fiant.
479 2692 509 2697 --
526 2679 557 2710 (b)
573 2679 615 2704 Al.
626 2680 692 2704 cleesc
703 2682 739 2705 ut.
751 2694 781 2699 —
792 2681 823 2712 (c)
835 2682 908 2707 valet.

1723 215 1780 246 231

1035 274 1156 312 Aliquid
1167 277 1256 306 etiam
1271 278 1398 315 exigitur
1413 286 1448 308 ex
1461 281 1544 316 parte
1558 280 1728 318 accipientis
1743 281 1782 310 ad

999 322 1058 351 hoc
1072 324 1105 351 ut
1122 324 1263 361 suffragia
1277 326 1392 362 prosint
1406 326 1459 354 illi.
1476 327 1609 356 Primum
1623 329 1680 364 est,
1696 328 1783 365 quod

999 369 1063 406 ipse
1082 370 1118 398 sit
1137 371 1168 399 in
1192 372 1342 401 charitate.
1356 372 1438 401 Unde
1462 381 1523 402 non
1542 374 1644 403 valent
1666 375 1697 412 (c)
1719 375 1780 412 his,

1001 416 1052 453 qui
1067 419 1135 445 sunt
1148 418 1178 446 in
1199 419 1326 454 inferno,
1341 420 1413 456 quia
1426 422 1493 448 sunt
1507 429 1525 449 a
1540 429 1665 458 corpore
1679 422 1783 452 Christi
1831 424 1836 428 '

1000 464 1126 500 mystico
1139 466 1283 502 separati:
1294 467 1375 495 unde
1388 467 1471 495 nulla
1485 467 1645 504 spiritualis
1658 469 1782 498 intluen-

1000 511 1041 539 tia
1055 512 1190 548 pervenit
1203 513 1241 541 ac]
1257 521 1324 549 eos,
1345 513 1421 542 sicut.
1433 521 1488 542 nec
1507 514 1659 544 influentia
1674 524 1782 553 corpo-

1000 558 1069 586 ralis
1079 559 1159 587 valet
1170 560 1313 588 membris
1327 568 1345 588 a
1359 569 1485 597 corpore
1496 562 1664 598 amputatis
1677 564 1784 592 Secun-

1001 605 1074 633 dum
1096 608 1138 634 est
1159 606 1340 643 indigentia:
1364 608 1444 636 unde
1469 616 1530 636 non
1552 609 1652 637 valent
1672 609 1781 645 beatis,

1001 652 1052 688 qui
1070 661 1133 681 nou
1152 655 1220 681 sunt
1239 654 1367 690 amplius
1386 655 1417 683 in
1435 655 1501 690 via,
1524 655 1578 683 sed
1597 655 1626 684 ιιι
1644 656 1782 691 termino,

1000 706 1055 727 nec
1073 702 1198 734 possunt
1212 701 1251 729 ad
1266 701 1371 730 altiora
1386 702 1545 730 ascendere
1554 711 1562 738 ς
1584 702 1636 730 sed
1653 702 1752 739 potius
1766 711 1783 732 e

1001 754 1146 775 converso
1156 747 1277 776 illorum
1285 749 1426 785 suffragia
1432 750 1661 786 prosuntnobiS.
1670 751 1783 779 Utrum·

1001 802 1059 830 que
1079 796 1178 822 autem
1201 798 1244 823 est
1266 796 1297 824 in
1318 796 1364 824 his
1384 796 1436 833 qui
1457 799 1525 825 sunt
1546 797 1577 825 in
1598 797 1782 833 purgatorio,

1001 840 1111 869 scilicet
1125 841 1250 870 charitas
1265 844 1293 870 et
1307 843 1471 878 indigentia
1483 852 1489 871 ι
1506 843 1586 871 unde
1601 843 1675 872 sicut
1689 845 1785 880 potest

1000 887 1093 915 homo
1107 888 1273 917 satisfacere
1288 898 1343 926 pro
1359 890 1453 918 altero
1471 890 1603 925 vivente,
1620 891 1671 927 qui
1686 899 1739 928 per
1752 898 1783 919 se

1001 941 1063 963 non
1077 935 1166 971 valet,
1182 936 1222 964 ita
1237 939 1334 972 potest
1350 937 1439 965 etiam
1452 946 1507 974 pro
1523 937 1674 966 defuncto.

1037 983 1110 1010 Nota
1129 984 1212 1019 quod
1237 984 1379 1020 suffragia
1402 986 1527 1021 prosunt
1550 984 1711 1020 defunctis,
1732 985 1785 1014 sed

1001 1029 1097 1064 magis
1119 1032 1169 1058 aut
1185 1030 1284 1058 minus
1303 1040 1359 1067 pro
1380 1032 1549 1059 diversitate
1565 1031 1740 1060 meritorum
1754 1032 1785 1060 in

1002 1076 1136 1109 mortuis,
1151 1077 1200 1105 vel
1215 1086 1270 1113 pro
1289 1078 1429 1106 charitate
1445 1079 1598 1113 vivorum,
1616 1078 1669 1114 qui
1689 1078 1785 1114 magis

1002 1122 1196 1152 sollicitantur
1211 1133 1266 1160 pro
1284 1124 1445 1161 aliquibuS,
1462 1133 1553 1161 quam
1567 1133 1623 1162 pro
1642 1125 1717 1154 aliis.
1733 1125 1786 1154 llla

1002 1170 1082 1198 enim
1103 1171 1260 1206 suffragia,
1283 1180 1350 1207 quae
1374 1172 1539 1208 specialiter
1558 1173 1633 1201 fiunt
1652 1181 1707 1209 pro
1730 1172 1784 1201 ali-

1002 1217 1122 1252 quibus,
1138 1217 1206 1253 plus
1221 1218 1320 1246 valent
1333 1219 1402 1253 illis,
1419 1227 1512 1255 quam
1526 1219 1601 1255 aliis,
1614 1220 1683 1248 licet
1697 1219 1785 1248 etiam

1001 1263 1067 1292 aliis
1095 1264 1197 1300 aliquo
1225 1265 1318 1293 modo
1343 1266 1611 1295 communicentur.
1641 1267 1786 1303 Suflragia

1001 1318 1090 1346 vero,
1120 1320 1186 1348 quae
1215 1313 1412 1341 communiter
1439 1322 1495 1350 pro
1522 1314 1667 1342 defunctis
1694 1314 1784 1350 fiunt,

1001 1358 1138 1394 quamvis
1152 1367 1208 1395 pro
1222 1360 1348 1388 modulo
1365 1369 1420 1388 suo
1433 1361 1574 1389 omnibus
1588 1362 1713 1398 prosint,
1725 1362 1785 1390 illis

1000 1407 1100 1433 tamen
1115 1407 1253 1443 amplius,
1265 1407 1328 1444 qui,
1350 1408 1424 1436 dum
1444 1410 1540 1436 essent
1553 1409 1584 1436 in
1605 1409 1670 1444 via,
1689 1409 1784 1445 magis

999 1456 1171 1481 meruerunt
1191 1456 1223 1481 ut
1238 1454 1294 1482 sibi
1313 1455 1497 1491 prodessent.
1513 1456 1653 1490 Quamvis
1671 1458 1781 1492 autem,

999 1502 1031 1528 ut
1046 1500 1157 1528 dictum
1173 1503 1224 1535 est,
1239 1501 1381 1537 suffragia
1395 1510 1456 1530 non
1471 1503 1586 1539 prosint
1599 1503 1633 1530 iis
1649 1504 1701 1539 qui
1715 1506 1783 1532 sunt

998 1547 1028 1574 in
1042 1547 1128 1581 coelo,
1144 1556 1199 1575 ncc
1211 1548 1268 1575 illis
1284 1549 1335 1584 qui
1351 1551 1417 1576 sunt
1431 1549 1461 1576 in
1473 1549 1600 1585 inferno,
1614 1552 1714 1578 tamen
1729 1550 1782 1578 ali-

998 1602 1059 1630 quo
1074 1595 1167 1622 modo
1182 1598 1306 1631 prosunt
1322 1596 1410 1624 etiam
1424 1596 1493 1624 illis.
1510 1597 1590 1625 Unde
1611 1599 1682 1625 nota
1697 1598 1781 1634 quod

997 1641 1098 1669 valent
1112 1642 1169 1669 illis
1189 1642 1240 1678 qui
1254 1645 1322 1670 sunt
1336 1643 1366 1670 in
1380 1644 1572 1679 purgatorio,
1585 1652 1638 1680 per
1653 1644 1780 1674 modum

996 1689 1197 1724 purgationis;
1218 1689 1318 1717 valent
1340 1690 1459 1718 salvatis
1481 1691 1616 1727 quisunt
1635 1691 1666 1718 in
1686 1691 1778 1727 coelo,

995 1743 1049 1771 per
1071 1736 1198 1764 modum
1221 1737 1452 1772 conjunctionis,
1477 1738 1549 1773 quia
1572 1737 1778 1774 multiplicatio

995 1783 1209 1811 salvandorum
1225 1786 1398 1819 augmentat
1412 1784 1539 1820 gloriam
1550 1785 1775 1814 accidentalem.

994 1830 1097 1857 Valent
1112 1832 1139 1858 et
1161 1830 1307 1858 damnatis
1326 1832 1356 1858 in
1377 1831 1492 1859 inferno
1508 1840 1562 1868 per
1583 1832 1710 1859 modum
1729 1832 1775 1860 di-

994 1877 1167 1904 minutionis
1182 1887 1187 1906 :
1209 1881 1320 1914 quanto
1337 1879 1416 1906 enim
1434 1878 1535 1914 plures
1553 1879 1705 1906 salvantur
1723 1887 1776 1915 per

993 1924 1131 1951 meritum
1146 1924 1293 1959 Ecclesiae,
1313 1926 1394 1953 tanto
1413 1925 1569 1962 pauciores
1588 1925 1775 1953 damnabun-

993 1971 1050 2004 tur,
1074 1973 1101 1999 ct
1122 1972 1160 1999 ita
1181 1972 1279 2000 minor
1294 1972 1348 1999 erit
1362 1980 1450 2007 poena
1470 1980 1524 2008 per
1542 1972 1774 2001 subtractionem

993 2019 1131 2047 consortii
1146 2020 1286 2048 illorum:
1300 2021 1401 2049 valent
1420 2021 1509 2048 etiam
1528 2020 1626 2056 impiis
1640 2020 1773 2048 facienti—

993 2066 1049 2094 bus
1063 2074 1117 2102 per
1130 2067 1256 2095 modum
1270 2068 1377 2102 meriti,
1393 2068 1463 2103 quia
1479 2076 1546 2095 cum
1569 2076 1624 2103 pro
1640 2068 1772 2104 parvulis

993 2112 1138 2141 defunctis
1162 2114 1348 2142 celebrantur
1374 2115 1463 2142 Missae
1486 2117 1690 2149 mortuorum,
1713 2115 1771 2144 hoc

992 2167 1052 2186 non
1064 2159 1096 2188 fit
1109 2162 1230 2196 propter
1242 2161 1362 2189 illorum
1373 2161 1579 2196 indigentiam,
1594 2170 1663 2189 cum
1673 2162 1771 2190 statim

992 2206 1110 2235 evolent
1124 2207 1162 2235 ad
1177 2207 1318 2242 gloriam,
1335 2208 1388 2236 sed
1402 2211 1524 2245 propter
1545 2209 1706 2244 gratiarum
1721 2216 1770 2237 ac-

990 2254 1112 2283 tionem.

1266 2335 1408 2369 CAPUT
1432 2336 1490 2370 VI.
1522 2350 1527 2355 *

1088 2415 1182 2442 Utrum
1201 2414 1380 2449 Itzdutqentz'ae
1397 2416 1504 2450 prosint
1523 2415 1665 2450 defunctis.

1025 2491 1147 2527 papales
1176 2491 1366 2525 indulgentiae
1396 2494 1520 2527 prosunt
1551 2492 1696 2520 defunctis
1735 2492 1767 2521 in

989 2538 1161 2575 purgatorio
1182 2547 1187 2566 :
1205 2538 1288 2573 quod
1306 2539 1404 2574 patet,
1422 2539 1493 2574 quia
1511 2547 1582 2566 crux
1602 2539 1765 2574 aliquando

990 2585 1076 2613 datur
1100 2593 1155 2620 pro
1179 2584 1316 2618 duabus,
1341 2585 1387 2612 vel
1413 2585 1523 2619 tribus,
1549 2585 1597 2612 vel
1621 2588 1763 2621 quatuor,

989 2632 1037 2660 vel
1052 2632 1156 2660 decem
1170 2631 1338 2660 animabus.
1355 2633 1386 2660 ln
1405 2632 1532 2661 Ecclesia
1553 2632 1632 2661 enim
1646 2634 1688 2661 est
1701 2633 1765 2662 thc-

990 2687 1095 2708 saurus
1109 2679 1282 2707 meritorum
1304 2680 1363 2707 tam
1383 2679 1500 2715 Christi,
1518 2687 1609 2717 quam
1622 2679 1764 2716 perfecto—
