<?xml version="1.0" encoding="UTF-8"?>
<!DOCTYPE html PUBLIC "-//W3C//DTD XHTML 1.0 Transitional//EN"
    "http://www.w3.org/TR/xhtml1/DTD/xhtml1-transitional.dtd">
<html xmlns="http://www.w3.org/1999/xhtml" xml:lang="en" lang="en">
 <head>
  <title>
</title>
<meta http-equiv="Content-Type" content="text/html;charset=utf-8" />
  <meta name='ocr-system' content='tesseract 3.04.00' />
  <meta name='ocr-capabilities' content='ocr_page ocr_carea ocr_par ocr_line ocrx_word'/>
</head>
<body>
  <div class='ocr_page' id='page_1' title='image "./operaomniasixtiv08bonauoft_0543.png"; bbox 0 0 2004 3037; ppageno 0'>
   <div class='ocr_carea' id='block_1_1' title="bbox 825 229 1111 265">
    <p class='ocr_par' dir='ltr' id='par_1_1' title="bbox 825 229 1111 265">
     <span class='ocr_line' id='line_1_1' title="bbox 825 229 1111 265; baseline -0.003 -1"><span class='ocrx_word' id='word_1_1' title='bbox 825 230 954 265; x_wconf 87' lang='lat' dir='ltr'>CAPUT</span> <span class='ocrx_word' id='word_1_2' title='bbox 974 229 1111 265; x_wconf 81' lang='lat' dir='ltr'><strong>XXVIII.</strong></span> 
     </span>
    </p>
   </div>
   <div class='ocr_carea' id='block_1_2' title="bbox 160 300 946 2656">
    <p class='ocr_par' dir='ltr' id='par_1_2' title="bbox 163 300 946 482">
     <span class='ocr_line' id='line_1_2' title="bbox 164 300 946 340; baseline -0.003 -9"><span class='ocrx_word' id='word_1_3' title='bbox 164 303 301 332; x_wconf 73' lang='lat' dir='ltr'><strong>sanetus:</strong></span> <span class='ocrx_word' id='word_1_4' title='bbox 315 312 330 331; x_wconf 74' lang='grc' dir='ltr'>α</span> <span class='ocrx_word' id='word_1_5' title='bbox 342 304 499 340; x_wconf 77' lang='lat' dir='ltr'><strong>segregate</strong></span> <span class='ocrx_word' id='word_1_6' title='bbox 512 303 587 333; x_wconf 87' lang='lat' dir='ltr'><strong>mihi</strong></span> <span class='ocrx_word' id='word_1_7' title='bbox 601 303 725 334; x_wconf 82' lang='lat' dir='ltr'><strong>Saulum</strong></span> <span class='ocrx_word' id='word_1_8' title='bbox 735 303 765 332; x_wconf 88' lang='lat' dir='ltr'><strong>et</strong></span> <span class='ocrx_word' id='word_1_9' title='bbox 777 300 946 331; x_wconf 82' lang='lat' dir='ltr'><strong>Barnabam</strong></span> 
     </span>
     <span class='ocr_line' id='line_1_3' title="bbox 163 348 946 389; baseline 0 -11"><span class='ocrx_word' id='word_1_10' title='bbox 163 349 196 379; x_wconf 89' lang='lat' dir='ltr'><strong>in</strong></span> <span class='ocrx_word' id='word_1_11' title='bbox 209 358 297 387; x_wconf 89' lang='lat' dir='ltr'><strong>opus,</strong></span> <span class='ocrx_word' id='word_1_12' title='bbox 310 361 325 378; x_wconf 65' lang='lat' dir='ltr'>n</span> <span class='ocrx_word' id='word_1_13' title='bbox 342 353 397 380; x_wconf 87' lang='lat' dir='ltr'><strong>etc.</strong></span> <span class='ocrx_word' id='word_1_14' title='bbox 412 352 568 389; x_wconf 88' lang='lat' dir='ltr'><strong>Sequitur:</strong></span> <span class='ocrx_word' id='word_1_15' title='bbox 587 361 601 378; x_wconf 87' lang='lat'>«</span> <span class='ocrx_word' id='word_1_16' title='bbox 615 351 673 388; x_wconf 87' lang='lat' dir='ltr'><strong>Ipsi</strong></span> <span class='ocrx_word' id='word_1_17' title='bbox 692 349 816 387; x_wconf 85' lang='lat' dir='ltr'><strong>quidem</strong></span> <span class='ocrx_word' id='word_1_18' title='bbox 829 348 912 378; x_wconf 88' lang='lat' dir='ltr'><strong>missi</strong></span> <span class='ocrx_word' id='word_1_19' title='bbox 926 356 946 378; x_wconf 85' lang='lat' dir='ltr'><strong>a</strong></span> 
     </span>
     <span class='ocr_line' id='line_1_4' title="bbox 164 396 945 436; baseline -0.003 -10"><span class='ocrx_word' id='word_1_20' title='bbox 164 397 272 434; x_wconf 85' lang='lat' dir='ltr'>Spiritu</span> <span class='ocrx_word' id='word_1_21' title='bbox 286 400 386 428; x_wconf 85' lang='lat' dir='ltr'><strong>sancto</strong></span> <span class='ocrx_word' id='word_1_22' title='bbox 399 399 602 436; x_wconf 67' lang='lat' dir='ltr'><strong>praedicabant</strong></span> <span class='ocrx_word' id='word_1_23' title='bbox 610 398 738 427; x_wconf 87' lang='lat' dir='ltr'><strong>verbum</strong></span> <span class='ocrx_word' id='word_1_24' title='bbox 750 396 800 425; x_wconf 89' lang='lat' dir='ltr'><strong>Dei</strong></span> <span class='ocrx_word' id='word_1_25' title='bbox 811 396 843 425; x_wconf 90' lang='lat' dir='ltr'><strong>in</strong></span> <span class='ocrx_word' id='word_1_26' title='bbox 856 403 945 433; x_wconf 89' lang='lat' dir='ltr'><strong>syna-</strong></span> 
     </span>
     <span class='ocr_line' id='line_1_5' title="bbox 165 444 765 482; baseline 0 -9"><span class='ocrx_word' id='word_1_27' title='bbox 165 444 250 481; x_wconf 81' lang='lat' dir='ltr'><strong>gogis</strong></span> <span class='ocrx_word' id='word_1_28' title='bbox 260 446 440 475; x_wconf 75' lang='lat' dir='ltr'><strong>sudaeorum.</strong></span> <span class='ocrx_word' id='word_1_29' title='bbox 455 456 470 474; x_wconf 67' lang='lat'><strong>&gt;³</strong></span> <span class='ocrx_word' id='word_1_30' title='bbox 487 446 560 482; x_wconf 69' lang='lat' dir='ltr'><strong>Act„</strong></span> <span class='ocrx_word' id='word_1_31' title='bbox 577 453 639 481; x_wconf 84' lang='lat' dir='ltr'><strong>xin,</strong></span> <span class='ocrx_word' id='word_1_32' title='bbox 655 447 684 481; x_wconf 84' lang='lat'><strong>2,</strong></span> <span class='ocrx_word' id='word_1_33' title='bbox 699 446 727 480; x_wconf 80' lang='grc'><strong>4,</strong></span> <span class='ocrx_word' id='word_1_34' title='bbox 739 447 765 473; x_wconf 78' lang='lat'><strong>5.</strong></span> 
     </span>
    </p>

    <p class='ocr_par' dir='ltr' id='par_1_3' title="bbox 162 490 943 717">
     <span class='ocr_line' id='line_1_6' title="bbox 200 490 943 530; baseline -0.003 -9"><span class='ocrx_word' id='word_1_35' title='bbox 200 492 349 530; x_wconf 82' lang='lat' dir='ltr'><strong>Principes</strong></span> <span class='ocrx_word' id='word_1_36' title='bbox 367 494 549 530; x_wconf 83' lang='lat' dir='ltr'><strong>Synagogae,</strong></span> <span class='ocrx_word' id='word_1_37' title='bbox 574 492 628 529; x_wconf 90' lang='lat' dir='ltr'><strong>qui</strong></span> <span class='ocrx_word' id='word_1_38' title='bbox 652 493 735 521; x_wconf 89' lang='lat' dir='ltr'><strong>erant</strong></span> <span class='ocrx_word' id='word_1_39' title='bbox 761 490 943 527; x_wconf 76' lang='lat' dir='ltr'><strong>Antiochiae,</strong></span> 
     </span>
     <span class='ocr_line' id='line_1_7' title="bbox 165 538 943 574; baseline -0.001 -7"><span class='ocrx_word' id='word_1_40' title='bbox 165 539 300 568; x_wconf 83' lang='lat' dir='ltr'><strong>dixerunt</strong></span> <span class='ocrx_word' id='word_1_41' title='bbox 320 540 411 569; x_wconf 83' lang='lat' dir='ltr'><strong>Paulo</strong></span> <span class='ocrx_word' id='word_1_42' title='bbox 432 542 459 568; x_wconf 90' lang='lat' dir='ltr'><strong>et</strong></span> <span class='ocrx_word' id='word_1_43' title='bbox 477 540 618 568; x_wconf 64' lang='lat' dir='ltr'><strong>Barnabas</strong></span> <span class='ocrx_word' id='word_1_44' title='bbox 638 548 645 568; x_wconf 72' lang='grc' dir='ltr'>ε</span> <span class='ocrx_word' id='word_1_45' title='bbox 667 548 680 566; x_wconf 90' lang='lat'>«</span> <span class='ocrx_word' id='word_1_46' title='bbox 699 538 759 567; x_wconf 81' lang='lat' dir='ltr'><strong>Viri</strong></span> <span class='ocrx_word' id='word_1_47' title='bbox 781 538 902 574; x_wconf 80' lang='lat' dir='ltr'><strong>fratres,</strong></span> <span class='ocrx_word' id='word_1_48' title='bbox 919 538 943 567; x_wconf 90' lang='lat' dir='ltr'><strong>si</strong></span> 
     </span>
     <span class='ocr_line' id='line_1_8' title="bbox 164 585 943 623; baseline -0.001 -8"><span class='ocrx_word' id='word_1_49' title='bbox 164 586 231 623; x_wconf 85' lang='lat' dir='ltr'><strong>quis</strong></span> <span class='ocrx_word' id='word_1_50' title='bbox 251 589 295 615; x_wconf 90' lang='lat' dir='ltr'><strong>est</strong></span> <span class='ocrx_word' id='word_1_51' title='bbox 313 586 346 615; x_wconf 90' lang='lat' dir='ltr'><strong>in</strong></span> <span class='ocrx_word' id='word_1_52' title='bbox 367 586 455 616; x_wconf 86' lang='lat' dir='ltr'><strong>vobis</strong></span> <span class='ocrx_word' id='word_1_53' title='bbox 471 594 570 615; x_wconf 85' lang='lat' dir='ltr'><strong>sermo</strong></span> <span class='ocrx_word' id='word_1_54' title='bbox 591 585 803 615; x_wconf 79' lang='lat' dir='ltr'>exhortationis</span> <span class='ocrx_word' id='word_1_55' title='bbox 818 585 859 614; x_wconf 86' lang='lat' dir='ltr'><strong>ad</strong></span> <span class='ocrx_word' id='word_1_56' title='bbox 877 585 943 622; x_wconf 92' lang='lat' dir='ltr'><strong>ple-</strong></span> 
     </span>
     <span class='ocr_line' id='line_1_9' title="bbox 163 633 943 670; baseline 0.001 -8"><span class='ocrx_word' id='word_1_57' title='bbox 163 634 250 670; x_wconf 88' lang='lat' dir='ltr'><strong>bem,</strong></span> <span class='ocrx_word' id='word_1_58' title='bbox 273 633 371 662; x_wconf 86' lang='lat' dir='ltr'><strong>dicite.</strong></span> <span class='ocrx_word' id='word_1_59' title='bbox 394 634 523 669; x_wconf 86' lang='lat' dir='ltr'><strong>Surgens</strong></span> <span class='ocrx_word' id='word_1_60' title='bbox 544 635 645 662; x_wconf 85' lang='lat' dir='ltr'><strong>autem</strong></span> <span class='ocrx_word' id='word_1_61' title='bbox 667 633 789 668; x_wconf 86' lang='lat' dir='ltr'><strong>Paulus,</strong></span> <span class='ocrx_word' id='word_1_62' title='bbox 806 635 834 662; x_wconf 88' lang='lat' dir='ltr'><strong>et</strong></span> <span class='ocrx_word' id='word_1_63' title='bbox 851 641 943 663; x_wconf 84' lang='lat' dir='ltr'><strong>manu</strong></span> 
     </span>
     <span class='ocr_line' id='line_1_10' title="bbox 162 680 860 717; baseline 0 -8"><span class='ocrx_word' id='word_1_64' title='bbox 162 680 313 709; x_wconf 84' lang='lat' dir='ltr'><strong>silentium</strong></span> <span class='ocrx_word' id='word_1_65' title='bbox 325 680 471 715; x_wconf 79' lang='lat' dir='ltr'><strong>indicens,</strong></span> <span class='ocrx_word' id='word_1_66' title='bbox 485 690 500 708; x_wconf 87' lang='lat'>»</span> <span class='ocrx_word' id='word_1_67' title='bbox 516 681 572 710; x_wconf 87' lang='lat' dir='ltr'><strong>etc.</strong></span> <span class='ocrx_word' id='word_1_68' title='bbox 584 680 662 717; x_wconf 66' lang='lat' dir='ltr'><strong>Act„</strong></span> <span class='ocrx_word' id='word_1_69' title='bbox 675 688 739 716; x_wconf 83' lang='lat' dir='ltr'><strong>xm,</strong></span> <span class='ocrx_word' id='word_1_70' title='bbox 754 682 798 716; x_wconf 80' lang='lat'><strong>15,</strong></span> <span class='ocrx_word' id='word_1_71' title='bbox 817 682 860 709; x_wconf 82' lang='lat'><strong>16.</strong></span> 
     </span>
    </p>

    <p class='ocr_par' dir='ltr' id='par_1_4' title="bbox 161 727 943 905">
     <span class='ocr_line' id='line_1_11' title="bbox 201 727 942 764; baseline -0.001 -8"><span class='ocrx_word' id='word_1_72' title='bbox 201 737 216 756; x_wconf 71' lang='grc' dir='ltr'><strong>α</strong></span> <span class='ocrx_word' id='word_1_73' title='bbox 229 727 349 756; x_wconf 83' lang='lat' dir='ltr'><strong>Reversi</strong></span> <span class='ocrx_word' id='word_1_74' title='bbox 369 729 437 757; x_wconf 91' lang='lat' dir='ltr'><strong>sunt</strong></span> <span class='ocrx_word' id='word_1_75' title='bbox 453 737 468 755; x_wconf 87' lang='lat'>»</span> <span class='ocrx_word' id='word_1_76' title='bbox 491 727 600 756; x_wconf 87' lang='lat' dir='ltr'><strong>Paulus</strong></span> <span class='ocrx_word' id='word_1_77' title='bbox 620 730 648 756; x_wconf 90' lang='lat' dir='ltr'><strong>et</strong></span> <span class='ocrx_word' id='word_1_78' title='bbox 665 727 816 757; x_wconf 81' lang='lat' dir='ltr'>Barnabas</span> <span class='ocrx_word' id='word_1_79' title='bbox 837 737 852 754; x_wconf 68' lang='grc' dir='ltr'><strong>ι(</strong></span> <span class='ocrx_word' id='word_1_80' title='bbox 872 728 942 764; x_wconf 87' lang='lat' dir='ltr'><strong>Lys-</strong></span> 
     </span>
     <span class='ocr_line' id='line_1_12' title="bbox 161 774 943 810; baseline 0 -7"><span class='ocrx_word' id='word_1_81' title='bbox 161 775 252 810; x_wconf 81' lang='lat' dir='ltr'><strong>tram,</strong></span> <span class='ocrx_word' id='word_1_82' title='bbox 268 775 296 803; x_wconf 90' lang='lat' dir='ltr'><strong>et</strong></span> <span class='ocrx_word' id='word_1_83' title='bbox 310 775 457 810; x_wconf 87' lang='lat' dir='ltr'><strong>leonium,</strong></span> <span class='ocrx_word' id='word_1_84' title='bbox 474 777 502 803; x_wconf 92' lang='lat' dir='ltr'><strong>et</strong></span> <span class='ocrx_word' id='word_1_85' title='bbox 513 774 717 810; x_wconf 88' lang='lat' dir='ltr'><strong>Antiochiam,</strong></span> <span class='ocrx_word' id='word_1_86' title='bbox 733 775 943 803; x_wconf 86' lang='lat' dir='ltr'><strong>confirmantes</strong></span> 
     </span>
     <span class='ocr_line' id='line_1_13' title="bbox 161 821 943 859; baseline 0 -9"><span class='ocrx_word' id='word_1_87' title='bbox 161 821 277 851; x_wconf 84' lang='lat' dir='ltr'><strong>animas</strong></span> <span class='ocrx_word' id='word_1_88' title='bbox 293 832 307 849; x_wconf 90' lang='lat'>»</span> <span class='ocrx_word' id='word_1_89' title='bbox 328 830 396 851; x_wconf 89' lang='lat' dir='ltr'><strong>cum</strong></span> <span class='ocrx_word' id='word_1_90' title='bbox 412 822 519 851; x_wconf 89' lang='lat' dir='ltr'><strong>sanctis</strong></span> <span class='ocrx_word' id='word_1_91' title='bbox 535 822 571 858; x_wconf 84' lang='grc' dir='ltr'><strong>(α)</strong></span> <span class='ocrx_word' id='word_1_92' title='bbox 580 842 591 857; x_wconf 88' lang='grc'>,</span> <span class='ocrx_word' id='word_1_93' title='bbox 616 832 630 848; x_wconf 75' lang='grc' dir='ltr'><strong>(ι</strong></span> <span class='ocrx_word' id='word_1_94' title='bbox 648 822 896 859; x_wconf 80' lang='lat' dir='ltr'><strong>exhortantesque</strong></span> <span class='ocrx_word' id='word_1_95' title='bbox 910 823 943 850; x_wconf 89' lang='lat' dir='ltr'><strong>ut</strong></span> 
     </span>
     <span class='ocr_line' id='line_1_14' title="bbox 161 869 671 905; baseline 0.002 -8"><span class='ocrx_word' id='word_1_96' title='bbox 161 871 371 905; x_wconf 81' lang='lat' dir='ltr'><strong>permanerent</strong></span> <span class='ocrx_word' id='word_1_97' title='bbox 385 869 416 898; x_wconf 88' lang='lat' dir='ltr'><strong>in</strong></span> <span class='ocrx_word' id='word_1_98' title='bbox 429 869 501 898; x_wconf 90' lang='lat' dir='ltr'><strong>fide.</strong></span> <span class='ocrx_word' id='word_1_99' title='bbox 513 879 527 896; x_wconf 83' lang='lat'>»</span> <span class='ocrx_word' id='word_1_100' title='bbox 543 871 671 904; x_wconf 78' lang='lat' dir='ltr'><strong>Act.‚1v.</strong></span> 
     </span>
    </p>

    <p class='ocr_par' dir='ltr' id='par_1_5' title="bbox 161 915 942 1096">
     <span class='ocr_line' id='line_1_15' title="bbox 197 915 942 953; baseline -0.001 -7"><span class='ocrx_word' id='word_1_101' title='bbox 197 917 318 946; x_wconf 83' lang='lat' dir='ltr'><strong>Factum</strong></span> <span class='ocrx_word' id='word_1_102' title='bbox 341 918 384 945; x_wconf 92' lang='lat' dir='ltr'><strong>est</strong></span> <span class='ocrx_word' id='word_1_103' title='bbox 406 916 514 953; x_wconf 82' lang='lat' dir='ltr'><strong>iconii,</strong></span> <span class='ocrx_word' id='word_1_104' title='bbox 536 919 569 945; x_wconf 90' lang='lat' dir='ltr'><strong>ut</strong></span> <span class='ocrx_word' id='word_1_105' title='bbox 595 917 722 952; x_wconf 82' lang='lat' dir='ltr'><strong>Paulus,</strong></span> <span class='ocrx_word' id='word_1_106' title='bbox 744 918 772 945; x_wconf 92' lang='lat' dir='ltr'><strong>et</strong></span> <span class='ocrx_word' id='word_1_107' title='bbox 792 915 942 945; x_wconf 79' lang='lat' dir='ltr'>Barnabas</span> 
     </span>
     <span class='ocr_line' id='line_1_16' title="bbox 164 963 942 1001; baseline 0.004 -12"><span class='ocrx_word' id='word_1_108' title='bbox 164 963 339 993; x_wconf 74' lang='lat' dir='ltr'>«introirent</span> <span class='ocrx_word' id='word_1_109' title='bbox 352 963 384 992; x_wconf 92' lang='lat' dir='ltr'><strong>in</strong></span> <span class='ocrx_word' id='word_1_110' title='bbox 397 972 586 1000; x_wconf 83' lang='lat' dir='ltr'><strong>synagogam</strong></span> <span class='ocrx_word' id='word_1_111' title='bbox 599 965 611 992; x_wconf 85' lang='lat' dir='ltr'>J</span> <span class='ocrx_word' id='word_1_112' title='bbox 616 964 781 999; x_wconf 80' lang='lat' dir='ltr'><strong>udaeorum,</strong></span> <span class='ocrx_word' id='word_1_113' title='bbox 793 966 821 992; x_wconf 90' lang='lat' dir='ltr'><strong>et</strong></span> <span class='ocrx_word' id='word_1_114' title='bbox 835 964 942 1001; x_wconf 88' lang='lat' dir='ltr'><strong>loque-</strong></span> 
     </span>
     <span class='ocr_line' id='line_1_17' title="bbox 161 1012 942 1046; baseline 0 -6"><span class='ocrx_word' id='word_1_115' title='bbox 161 1014 273 1046; x_wconf 82' lang='lat' dir='ltr'><strong>rentur,</strong></span> <span class='ocrx_word' id='word_1_116' title='bbox 288 1012 328 1040; x_wconf 87' lang='lat' dir='ltr'><strong>ita</strong></span> <span class='ocrx_word' id='word_1_117' title='bbox 344 1013 375 1040; x_wconf 91' lang='lat' dir='ltr'><strong>ut</strong></span> <span class='ocrx_word' id='word_1_118' title='bbox 399 1012 531 1040; x_wconf 88' lang='lat' dir='ltr'><strong>crederet</strong></span> <span class='ocrx_word' id='word_1_119' title='bbox 548 1012 719 1041; x_wconf 82' lang='lat' dir='ltr'><strong>Judaeorum</strong></span> <span class='ocrx_word' id='word_1_120' title='bbox 734 1014 762 1041; x_wconf 88' lang='lat' dir='ltr'><strong>et</strong></span> <span class='ocrx_word' id='word_1_121' title='bbox 775 1013 942 1041; x_wconf 68' lang='lat' dir='ltr'><strong>Graecorum</strong></span> 
     </span>
     <span class='ocr_line' id='line_1_18' title="bbox 161 1058 661 1096; baseline -0.002 -8"><span class='ocrx_word' id='word_1_122' title='bbox 161 1059 284 1096; x_wconf 87' lang='lat' dir='ltr'><strong>copiosa</strong></span> <span class='ocrx_word' id='word_1_123' title='bbox 297 1058 468 1088; x_wconf 87' lang='lat' dir='ltr'><strong>multitudo.</strong></span> <span class='ocrx_word' id='word_1_124' title='bbox 483 1069 496 1086; x_wconf 84' lang='lat'>»</span> <span class='ocrx_word' id='word_1_125' title='bbox 510 1059 588 1094; x_wconf 58' lang='lat' dir='ltr'><strong>Act„</strong></span> <span class='ocrx_word' id='word_1_126' title='bbox 601 1067 661 1087; x_wconf 73' lang='lat' dir='ltr'><strong>mv.</strong></span> 
     </span>
    </p>

    <p class='ocr_par' dir='ltr' id='par_1_6' title="bbox 160 1106 943 1425">
     <span class='ocr_line' id='line_1_19' title="bbox 200 1106 941 1143; baseline 0.001 -10"><span class='ocrx_word' id='word_1_127' title='bbox 200 1116 214 1132; x_wconf 86' lang='lat'>«</span> <span class='ocrx_word' id='word_1_128' title='bbox 228 1106 306 1134; x_wconf 91' lang='lat' dir='ltr'><strong>Visio</strong></span> <span class='ocrx_word' id='word_1_129' title='bbox 321 1114 375 1142; x_wconf 89' lang='lat' dir='ltr'><strong>per</strong></span> <span class='ocrx_word' id='word_1_130' title='bbox 390 1107 510 1135; x_wconf 87' lang='lat' dir='ltr'><strong>noctem</strong></span> <span class='ocrx_word' id='word_1_131' title='bbox 524 1106 616 1134; x_wconf 88' lang='lat' dir='ltr'><strong>Paulo</strong></span> <span class='ocrx_word' id='word_1_132' title='bbox 632 1107 749 1134; x_wconf 88' lang='lat' dir='ltr'><strong>ostensa</strong></span> <span class='ocrx_word' id='word_1_133' title='bbox 764 1108 822 1142; x_wconf 89' lang='lat' dir='ltr'><strong>est,</strong></span> <span class='ocrx_word' id='word_1_134' title='bbox 837 1106 891 1134; x_wconf 89' lang='lat' dir='ltr'><strong>ubi</strong></span> <span class='ocrx_word' id='word_1_135' title='bbox 905 1106 941 1143; x_wconf 84' lang='lat' dir='ltr'><strong>(b)</strong></span> 
     </span>
     <span class='ocr_line' id='line_1_20' title="bbox 160 1153 943 1190; baseline 0 -8"><span class='ocrx_word' id='word_1_136' title='bbox 160 1153 282 1182; x_wconf 84' lang='lat' dir='ltr'><strong>Macedo</strong></span> <span class='ocrx_word' id='word_1_137' title='bbox 303 1153 428 1190; x_wconf 86' lang='lat' dir='ltr'><strong>quidam</strong></span> <span class='ocrx_word' id='word_1_138' title='bbox 453 1154 515 1181; x_wconf 88' lang='lat' dir='ltr'><strong>erat</strong></span> <span class='ocrx_word' id='word_1_139' title='bbox 534 1154 631 1186; x_wconf 87' lang='lat' dir='ltr'><strong>stans,</strong></span> <span class='ocrx_word' id='word_1_140' title='bbox 657 1154 685 1181; x_wconf 89' lang='lat' dir='ltr'><strong>et</strong></span> <span class='ocrx_word' id='word_1_141' title='bbox 709 1153 891 1189; x_wconf 82' lang='lat' dir='ltr'><strong>deprecans,</strong></span> <span class='ocrx_word' id='word_1_142' title='bbox 915 1155 943 1182; x_wconf 85' lang='lat' dir='ltr'><strong>et</strong></span> 
     </span>
     <span class='ocr_line' id='line_1_21' title="bbox 163 1200 938 1236; baseline -0.003 -6"><span class='ocrx_word' id='word_1_143' title='bbox 163 1201 278 1231; x_wconf 90' lang='lat' dir='ltr'><strong>dicens:</strong></span> <span class='ocrx_word' id='word_1_144' title='bbox 289 1201 444 1229; x_wconf 84' lang='lat' dir='ltr'><strong>Transiens</strong></span> <span class='ocrx_word' id='word_1_145' title='bbox 457 1201 489 1229; x_wconf 91' lang='lat' dir='ltr'><strong>in</strong></span> <span class='ocrx_word' id='word_1_146' title='bbox 503 1200 708 1230; x_wconf 85' lang='lat' dir='ltr'><strong>Macedoniam</strong></span> <span class='ocrx_word' id='word_1_147' title='bbox 722 1200 834 1236; x_wconf 82' lang='lat' dir='ltr'><strong>adjuva</strong></span> <span class='ocrx_word' id='word_1_148' title='bbox 843 1208 898 1228; x_wconf 92' lang='lat' dir='ltr'><strong>nos</strong></span> <span class='ocrx_word' id='word_1_149' title='bbox 904 1209 912 1236; x_wconf 84' lang='lat'>;</span> <span class='ocrx_word' id='word_1_150' title='bbox 924 1211 938 1228; x_wconf 70' lang='lat'><strong>&gt;³</strong></span> 
     </span>
     <span class='ocr_line' id='line_1_22' title="bbox 163 1247 943 1282; baseline -0.001 -6"><span class='ocrx_word' id='word_1_151' title='bbox 163 1248 216 1276; x_wconf 90' lang='lat' dir='ltr'><strong>ubi</strong></span> <span class='ocrx_word' id='word_1_152' title='bbox 237 1247 392 1276; x_wconf 86' lang='lat' dir='ltr'>subditur:</span> <span class='ocrx_word' id='word_1_153' title='bbox 413 1257 426 1274; x_wconf 71' lang='grc' dir='ltr'>α</span> <span class='ocrx_word' id='word_1_154' title='bbox 446 1249 480 1275; x_wconf 92' lang='lat' dir='ltr'><strong>Ut</strong></span> <span class='ocrx_word' id='word_1_155' title='bbox 502 1250 602 1276; x_wconf 87' lang='lat' dir='ltr'><strong>autem</strong></span> <span class='ocrx_word' id='word_1_156' title='bbox 617 1247 716 1276; x_wconf 88' lang='lat' dir='ltr'><strong>visum</strong></span> <span class='ocrx_word' id='word_1_157' title='bbox 738 1247 829 1282; x_wconf 83' lang='lat' dir='ltr'><strong>vidit,</strong></span> <span class='ocrx_word' id='word_1_158' title='bbox 844 1247 943 1276; x_wconf 84' lang='lat' dir='ltr'><strong>statim</strong></span> 
     </span>
     <span class='ocr_line' id='line_1_23' title="bbox 163 1294 942 1331; baseline -0.001 -8"><span class='ocrx_word' id='word_1_159' title='bbox 163 1295 352 1331; x_wconf 71' lang='lat' dir='ltr'><strong>quaesivimus</strong></span> <span class='ocrx_word' id='word_1_160' title='bbox 363 1295 512 1331; x_wconf 89' lang='lat' dir='ltr'><strong>proficisci</strong></span> <span class='ocrx_word' id='word_1_161' title='bbox 526 1295 558 1323; x_wconf 91' lang='lat' dir='ltr'><strong>in</strong></span> <span class='ocrx_word' id='word_1_162' title='bbox 567 1294 781 1330; x_wconf 87' lang='lat' dir='ltr'><strong>Macedoniam,</strong></span> <span class='ocrx_word' id='word_1_163' title='bbox 797 1294 867 1322; x_wconf 86' lang='lat' dir='ltr'><strong>certi</strong></span> <span class='ocrx_word' id='word_1_164' title='bbox 880 1294 942 1323; x_wconf 83' lang='lat' dir='ltr'><strong>fac·</strong></span> 
     </span>
     <span class='ocr_line' id='line_1_24' title="bbox 162 1341 938 1379; baseline -0.001 -9"><span class='ocrx_word' id='word_1_165' title='bbox 162 1342 201 1378; x_wconf 86' lang='lat' dir='ltr'><strong>ti,</strong></span> <span class='ocrx_word' id='word_1_166' title='bbox 219 1342 304 1379; x_wconf 89' lang='lat' dir='ltr'><strong>quod</strong></span> <span class='ocrx_word' id='word_1_167' title='bbox 319 1344 454 1372; x_wconf 83' lang='lat' dir='ltr'><strong>vocasset</strong></span> <span class='ocrx_word' id='word_1_168' title='bbox 468 1350 524 1371; x_wconf 86' lang='lat' dir='ltr'><strong>nos</strong></span> <span class='ocrx_word' id='word_1_169' title='bbox 546 1344 620 1371; x_wconf 87' lang='lat' dir='ltr'><strong>Deus</strong></span> <span class='ocrx_word' id='word_1_170' title='bbox 637 1341 839 1378; x_wconf 82' lang='lat' dir='ltr'><strong>evangelizare</strong></span> <span class='ocrx_word' id='word_1_171' title='bbox 857 1342 909 1371; x_wconf 86' lang='lat' dir='ltr'><strong>eis.</strong></span> <span class='ocrx_word' id='word_1_172' title='bbox 925 1353 938 1369; x_wconf 91' lang='lat'>»</span> 
     </span>
     <span class='ocr_line' id='line_1_25' title="bbox 161 1390 408 1425; baseline 0 -7"><span class='ocrx_word' id='word_1_173' title='bbox 161 1390 242 1425; x_wconf 61' lang='lat' dir='ltr'><strong>Act„</strong></span> <span class='ocrx_word' id='word_1_174' title='bbox 257 1398 321 1424; x_wconf 75' lang='grc' dir='ltr'><strong>Χνι,</strong></span> <span class='ocrx_word' id='word_1_175' title='bbox 332 1391 365 1423; x_wconf 85' lang='grc'><strong>9,</strong></span> <span class='ocrx_word' id='word_1_176' title='bbox 378 1398 408 1418; x_wconf 81' lang='lat' dir='ltr'><strong>x.</strong></span> 
     </span>
    </p>

    <p class='ocr_par' dir='ltr' id='par_1_7' title="bbox 162 1436 944 1710">
     <span class='ocr_line' id='line_1_26' title="bbox 202 1436 942 1473; baseline 0.001 -10"><span class='ocrx_word' id='word_1_177' title='bbox 202 1446 216 1463; x_wconf 86' lang='lat'>«</span> <span class='ocrx_word' id='word_1_178' title='bbox 228 1437 310 1465; x_wconf 89' lang='lat' dir='ltr'><strong>Multi</strong></span> <span class='ocrx_word' id='word_1_179' title='bbox 323 1437 554 1472; x_wconf 86' lang='lat' dir='ltr'><strong>Corinthiorum,</strong></span> <span class='ocrx_word' id='word_1_180' title='bbox 565 1436 719 1465; x_wconf 86' lang='lat' dir='ltr'><strong>audientes</strong></span> <span class='ocrx_word' id='word_1_181' title='bbox 730 1436 854 1465; x_wconf 86' lang='lat' dir='ltr'><strong>Paulum</strong></span> <span class='ocrx_word' id='word_1_182' title='bbox 869 1444 942 1473; x_wconf 83' lang='lat' dir='ltr'><strong>prae-</strong></span> 
     </span>
     <span class='ocr_line' id='line_1_27' title="bbox 163 1484 944 1520; baseline 0.001 -7"><span class='ocrx_word' id='word_1_183' title='bbox 163 1485 330 1520; x_wconf 84' lang='lat' dir='ltr'><strong>dicantem,</strong></span> <span class='ocrx_word' id='word_1_184' title='bbox 353 1484 528 1516; x_wconf 87' lang='lat' dir='ltr'><strong>credebant,</strong></span> <span class='ocrx_word' id='word_1_185' title='bbox 555 1487 583 1513; x_wconf 91' lang='lat' dir='ltr'><strong>et</strong></span> <span class='ocrx_word' id='word_1_186' title='bbox 604 1484 843 1520; x_wconf 79' lang='lat' dir='ltr'><strong>baptizabantur.</strong></span> <span class='ocrx_word' id='word_1_187' title='bbox 868 1484 944 1514; x_wconf 80' lang='lat' dir='ltr'>Dixit</span> 
     </span>
     <span class='ocr_line' id='line_1_28' title="bbox 162 1532 940 1568; baseline -0.001 -6"><span class='ocrx_word' id='word_1_188' title='bbox 162 1536 263 1562; x_wconf 87' lang='lat' dir='ltr'><strong>autem</strong></span> <span class='ocrx_word' id='word_1_189' title='bbox 290 1533 431 1562; x_wconf 84' lang='lat' dir='ltr'>Dominus</span> <span class='ocrx_word' id='word_1_190' title='bbox 458 1534 546 1561; x_wconf 88' lang='lat' dir='ltr'><strong>nocte</strong></span> <span class='ocrx_word' id='word_1_191' title='bbox 570 1541 625 1568; x_wconf 88' lang='lat' dir='ltr'><strong>per</strong></span> <span class='ocrx_word' id='word_1_192' title='bbox 651 1532 797 1561; x_wconf 81' lang='lat' dir='ltr'><strong>visionem</strong></span> <span class='ocrx_word' id='word_1_193' title='bbox 825 1533 916 1561; x_wconf 81' lang='lat' dir='ltr'><strong>Paulo</strong></span> <span class='ocrx_word' id='word_1_194' title='bbox 933 1543 940 1561; x_wconf 88' lang='lat'><strong>:</strong></span> 
     </span>
     <span class='ocr_line' id='line_1_29' title="bbox 162 1581 943 1616; baseline 0 -7"><span class='ocrx_word' id='word_1_195' title='bbox 162 1581 227 1610; x_wconf 86' lang='lat' dir='ltr'><strong>Noli</strong></span> <span class='ocrx_word' id='word_1_196' title='bbox 241 1581 345 1609; x_wconf 87' lang='lat' dir='ltr'><strong>timere</strong></span> <span class='ocrx_word' id='word_1_197' title='bbox 356 1602 365 1615; x_wconf 83' lang='lat'><strong>,</strong></span> <span class='ocrx_word' id='word_1_198' title='bbox 381 1581 435 1608; x_wconf 85' lang='lat' dir='ltr'><strong>sed</strong></span> <span class='ocrx_word' id='word_1_199' title='bbox 448 1581 588 1616; x_wconf 88' lang='lat' dir='ltr'><strong>loquere,</strong></span> <span class='ocrx_word' id='word_1_200' title='bbox 604 1581 631 1607; x_wconf 93' lang='lat' dir='ltr'><strong>et</strong></span> <span class='ocrx_word' id='word_1_201' title='bbox 645 1587 682 1607; x_wconf 90' lang='lat' dir='ltr'><strong>ne</strong></span> <span class='ocrx_word' id='word_1_202' title='bbox 696 1581 808 1614; x_wconf 80' lang='lat' dir='ltr'><strong>taceas,</strong></span> <span class='ocrx_word' id='word_1_203' title='bbox 820 1582 943 1616; x_wconf 87' lang='lat' dir='ltr'><strong>propter</strong></span> 
     </span>
     <span class='ocr_line' id='line_1_30' title="bbox 163 1627 942 1664; baseline -0.001 -8"><span class='ocrx_word' id='word_1_204' title='bbox 163 1628 247 1664; x_wconf 89' lang='lat' dir='ltr'><strong>quod</strong></span> <span class='ocrx_word' id='word_1_205' title='bbox 260 1636 316 1663; x_wconf 84' lang='lat' dir='ltr'><strong>ego</strong></span> <span class='ocrx_word' id='word_1_206' title='bbox 333 1636 400 1655; x_wconf 87' lang='lat' dir='ltr'><strong>sum</strong></span> <span class='ocrx_word' id='word_1_207' title='bbox 414 1630 511 1656; x_wconf 90' lang='lat' dir='ltr'><strong>tecum</strong></span> <span class='ocrx_word' id='word_1_208' title='bbox 528 1636 534 1655; x_wconf 91' lang='lat'>:</span> <span class='ocrx_word' id='word_1_209' title='bbox 552 1629 579 1655; x_wconf 92' lang='lat' dir='ltr'><strong>et</strong></span> <span class='ocrx_word' id='word_1_210' title='bbox 593 1635 682 1655; x_wconf 89' lang='lat' dir='ltr'><strong>nemo</strong></span> <span class='ocrx_word' id='word_1_211' title='bbox 698 1628 866 1663; x_wconf 82' lang='lat' dir='ltr'><strong>apponetur</strong></span> <span class='ocrx_word' id='word_1_212' title='bbox 877 1627 942 1663; x_wconf 88' lang='lat' dir='ltr'><strong>tibi,</strong></span> 
     </span>
     <span class='ocr_line' id='line_1_31' title="bbox 162 1675 695 1710; baseline -0.002 -6"><span class='ocrx_word' id='word_1_213' title='bbox 162 1678 195 1704; x_wconf 90' lang='lat' dir='ltr'><strong>ut</strong></span> <span class='ocrx_word' id='word_1_214' title='bbox 209 1676 316 1704; x_wconf 87' lang='lat' dir='ltr'><strong>noceat</strong></span> <span class='ocrx_word' id='word_1_215' title='bbox 329 1676 366 1703; x_wconf 91' lang='lat' dir='ltr'><strong>te.</strong></span> <span class='ocrx_word' id='word_1_216' title='bbox 383 1686 396 1701; x_wconf 86' lang='lat'>»</span> <span class='ocrx_word' id='word_1_217' title='bbox 415 1676 490 1710; x_wconf 63' lang='lat' dir='ltr'><strong>Act„</strong></span> <span class='ocrx_word' id='word_1_218' title='bbox 505 1681 590 1709; x_wconf 83' lang='lat' dir='ltr'><strong>xvm,</strong></span> <span class='ocrx_word' id='word_1_219' title='bbox 606 1675 633 1708; x_wconf 91' lang='grc'><strong>8,</strong></span> <span class='ocrx_word' id='word_1_220' title='bbox 651 1675 695 1703; x_wconf 85' lang='grc'><strong>10.</strong></span> 
     </span>
    </p>

    <p class='ocr_par' dir='ltr' id='par_1_8' title="bbox 162 1721 943 1899">
     <span class='ocr_line' id='line_1_32' title="bbox 198 1721 943 1758; baseline 0 -8"><span class='ocrx_word' id='word_1_221' title='bbox 198 1722 305 1758; x_wconf 87' lang='lat' dir='ltr'>Apollo</span> <span class='ocrx_word' id='word_1_222' title='bbox 324 1722 452 1756; x_wconf 83' lang='lat' dir='ltr'><strong>Judaeus,</strong></span> <span class='ocrx_word' id='word_1_223' title='bbox 472 1731 487 1748; x_wconf 67' lang='grc' dir='ltr'>α</span> <span class='ocrx_word' id='word_1_224' title='bbox 505 1721 723 1750; x_wconf 85' lang='lat' dir='ltr'><strong>Alexandrinus</strong></span> <span class='ocrx_word' id='word_1_225' title='bbox 743 1729 861 1757; x_wconf 82' lang='lat' dir='ltr'><strong>genere,</strong></span> <span class='ocrx_word' id='word_1_226' title='bbox 882 1723 943 1750; x_wconf 88' lang='lat' dir='ltr'><strong>erat</strong></span> 
     </span>
     <span class='ocr_line' id='line_1_33' title="bbox 163 1768 942 1805; baseline -0.001 -7"><span class='ocrx_word' id='word_1_227' title='bbox 163 1769 286 1799; x_wconf 88' lang='lat' dir='ltr'><strong>edoctus</strong></span> <span class='ocrx_word' id='word_1_228' title='bbox 298 1769 379 1797; x_wconf 90' lang='lat' dir='ltr'><strong>viam</strong></span> <span class='ocrx_word' id='word_1_229' title='bbox 393 1769 511 1798; x_wconf 88' lang='lat' dir='ltr'>Domini</span> <span class='ocrx_word' id='word_1_230' title='bbox 528 1777 534 1797; x_wconf 90' lang='lat'>:</span> <span class='ocrx_word' id='word_1_231' title='bbox 551 1770 579 1796; x_wconf 88' lang='lat' dir='ltr'><strong>et</strong></span> <span class='ocrx_word' id='word_1_232' title='bbox 592 1768 708 1796; x_wconf 87' lang='lat' dir='ltr'><strong>fervens</strong></span> <span class='ocrx_word' id='word_1_233' title='bbox 719 1768 823 1804; x_wconf 86' lang='lat' dir='ltr'><strong>spiritu</strong></span> <span class='ocrx_word' id='word_1_234' title='bbox 837 1769 942 1805; x_wconf 87' lang='lat' dir='ltr'><strong>loque-</strong></span> 
     </span>
     <span class='ocr_line' id='line_1_34' title="bbox 163 1816 938 1852; baseline -0.003 -7"><span class='ocrx_word' id='word_1_235' title='bbox 163 1817 262 1852; x_wconf 80' lang='lat' dir='ltr'><strong>batur,</strong></span> <span class='ocrx_word' id='word_1_236' title='bbox 274 1819 301 1845; x_wconf 90' lang='lat' dir='ltr'><strong>et</strong></span> <span class='ocrx_word' id='word_1_237' title='bbox 315 1817 444 1845; x_wconf 87' lang='lat' dir='ltr'><strong>docebat</strong></span> <span class='ocrx_word' id='word_1_238' title='bbox 458 1816 615 1852; x_wconf 85' lang='lat' dir='ltr'><strong>diligenter</strong></span> <span class='ocrx_word' id='word_1_239' title='bbox 625 1824 670 1851; x_wconf 92' lang='lat' dir='ltr'><strong>ea,</strong></span> <span class='ocrx_word' id='word_1_240' title='bbox 681 1824 747 1852; x_wconf 68' lang='lat' dir='ltr'><strong>quae</strong></span> <span class='ocrx_word' id='word_1_241' title='bbox 759 1818 827 1844; x_wconf 87' lang='lat' dir='ltr'><strong>sunt</strong></span> <span class='ocrx_word' id='word_1_242' title='bbox 839 1818 850 1844; x_wconf 84' lang='lat' dir='ltr'>J</span> <span class='ocrx_word' id='word_1_243' title='bbox 855 1824 916 1845; x_wconf 83' lang='lat' dir='ltr'><strong>esu.</strong></span> <span class='ocrx_word' id='word_1_244' title='bbox 925 1827 938 1844; x_wconf 68' lang='lat' dir='ltr'><strong>n</strong></span> 
     </span>
     <span class='ocr_line' id='line_1_35' title="bbox 162 1865 457 1899; baseline -0.007 -6"><span class='ocrx_word' id='word_1_245' title='bbox 162 1865 237 1899; x_wconf 61' lang='lat' dir='ltr'><strong>Act„</strong></span> <span class='ocrx_word' id='word_1_246' title='bbox 253 1872 336 1898; x_wconf 80' lang='lat' dir='ltr'><strong>xvm,</strong></span> <span class='ocrx_word' id='word_1_247' title='bbox 352 1865 398 1898; x_wconf 76' lang='lat'><strong>⁶24,</strong></span> <span class='ocrx_word' id='word_1_248' title='bbox 412 1865 457 1891; x_wconf 70' lang='lat'><strong>⁶25.</strong></span> 
     </span>
    </p>

    <p class='ocr_par' dir='ltr' id='par_1_9' title="bbox 162 1910 943 2087">
     <span class='ocr_line' id='line_1_36' title="bbox 198 1910 943 1947; baseline 0.001 -9"><span class='ocrx_word' id='word_1_249' title='bbox 198 1911 285 1947; x_wconf 89' lang='lat' dir='ltr'><strong>Apud</strong></span> <span class='ocrx_word' id='word_1_250' title='bbox 304 1911 453 1947; x_wconf 83' lang='lat' dir='ltr'><strong>Ephesum</strong></span> <span class='ocrx_word' id='word_1_251' title='bbox 470 1910 578 1938; x_wconf 87' lang='lat' dir='ltr'><strong>Paulus</strong></span> <span class='ocrx_word' id='word_1_252' title='bbox 602 1919 616 1936; x_wconf 77' lang='grc' dir='ltr'><strong>ι(</strong></span> <span class='ocrx_word' id='word_1_253' title='bbox 630 1910 742 1938; x_wconf 90' lang='lat' dir='ltr'><strong>intrans</strong></span> <span class='ocrx_word' id='word_1_254' title='bbox 757 1918 943 1946; x_wconf 84' lang='lat' dir='ltr'><strong>synagogam</strong></span> 
     </span>
     <span class='ocr_line' id='line_1_37' title="bbox 162 1956 943 1992; baseline 0 -7"><span class='ocrx_word' id='word_1_255' title='bbox 162 1958 348 1992; x_wconf 82' lang='lat' dir='ltr'><strong>Judaeorum,</strong></span> <span class='ocrx_word' id='word_1_256' title='bbox 371 1965 438 1985; x_wconf 88' lang='lat' dir='ltr'><strong>cum</strong></span> <span class='ocrx_word' id='word_1_257' title='bbox 463 1957 574 1985; x_wconf 88' lang='lat' dir='ltr'><strong>fiducia</strong></span> <span class='ocrx_word' id='word_1_258' title='bbox 600 1956 781 1992; x_wconf 86' lang='lat' dir='ltr'><strong>loquebatur</strong></span> <span class='ocrx_word' id='word_1_259' title='bbox 808 1965 862 1992; x_wconf 91' lang='lat' dir='ltr'><strong>per</strong></span> <span class='ocrx_word' id='word_1_260' title='bbox 885 1960 943 1985; x_wconf 85' lang='lat' dir='ltr'><strong>tres</strong></span> 
     </span>
     <span class='ocr_line' id='line_1_38' title="bbox 162 2003 941 2040; baseline -0.003 -7"><span class='ocrx_word' id='word_1_261' title='bbox 162 2013 294 2038; x_wconf 88' lang='lat' dir='ltr'><strong>menses,</strong></span> <span class='ocrx_word' id='word_1_262' title='bbox 312 2004 478 2040; x_wconf 87' lang='lat' dir='ltr'><strong>disputans,</strong></span> <span class='ocrx_word' id='word_1_263' title='bbox 494 2005 522 2032; x_wconf 88' lang='lat' dir='ltr'><strong>et</strong></span> <span class='ocrx_word' id='word_1_264' title='bbox 535 2003 663 2032; x_wconf 86' lang='lat' dir='ltr'><strong>suadens</strong></span> <span class='ocrx_word' id='word_1_265' title='bbox 682 2003 719 2031; x_wconf 91' lang='lat' dir='ltr'><strong>de</strong></span> <span class='ocrx_word' id='word_1_266' title='bbox 733 2011 826 2039; x_wconf 84' lang='lat' dir='ltr'><strong>regno</strong></span> <span class='ocrx_word' id='word_1_267' title='bbox 850 2004 910 2032; x_wconf 90' lang='lat' dir='ltr'><strong>Dei.</strong></span> <span class='ocrx_word' id='word_1_268' title='bbox 926 2014 941 2031; x_wconf 85' lang='lat'>»</span> 
     </span>
     <span class='ocr_line' id='line_1_39' title="bbox 162 2052 364 2087; baseline -0.005 -7"><span class='ocrx_word' id='word_1_269' title='bbox 162 2052 239 2087; x_wconf 64' lang='lat' dir='ltr'><strong>Act„</strong></span> <span class='ocrx_word' id='word_1_270' title='bbox 254 2061 321 2087; x_wconf 74' lang='lat' dir='ltr'><strong>Xix,</strong></span> <span class='ocrx_word' id='word_1_271' title='bbox 339 2053 364 2079; x_wconf 88' lang='grc'><strong>8.</strong></span> 
     </span>
    </p>

    <p class='ocr_par' dir='ltr' id='par_1_10' title="bbox 163 2097 945 2466">
     <span class='ocr_line' id='line_1_40' title="bbox 199 2097 944 2134; baseline -0.001 -7"><span class='ocrx_word' id='word_1_272' title='bbox 199 2099 335 2133; x_wconf 80' lang='lat' dir='ltr'><strong>Quadam</strong></span> <span class='ocrx_word' id='word_1_273' title='bbox 358 2098 406 2126; x_wconf 93' lang='lat' dir='ltr'><strong>die</strong></span> <span class='ocrx_word' id='word_1_274' title='bbox 428 2106 497 2126; x_wconf 91' lang='lat' dir='ltr'><strong>cum</strong></span> <span class='ocrx_word' id='word_1_275' title='bbox 515 2098 547 2125; x_wconf 89' lang='lat' dir='ltr'><strong>in</strong></span> <span class='ocrx_word' id='word_1_276' title='bbox 573 2097 733 2126; x_wconf 87' lang='lat' dir='ltr'><strong>crastinum</strong></span> <span class='ocrx_word' id='word_1_277' title='bbox 758 2097 944 2134; x_wconf 86' lang='lat' dir='ltr'><strong>profecturus</strong></span> 
     </span>
     <span class='ocr_line' id='line_1_41' title="bbox 163 2145 943 2183; baseline -0.001 -9"><span class='ocrx_word' id='word_1_278' title='bbox 163 2146 355 2183; x_wconf 83' lang='lat' dir='ltr'><strong>protraxisset</strong></span> <span class='ocrx_word' id='word_1_279' title='bbox 375 2153 545 2173; x_wconf 86' lang='lat' dir='ltr'><strong>sermonem</strong></span> <span class='ocrx_word' id='word_1_280' title='bbox 559 2153 654 2181; x_wconf 88' lang='lat' dir='ltr'><strong>usque</strong></span> <span class='ocrx_word' id='word_1_281' title='bbox 670 2145 710 2173; x_wconf 89' lang='lat' dir='ltr'><strong>ad</strong></span> <span class='ocrx_word' id='word_1_282' title='bbox 724 2145 857 2173; x_wconf 87' lang='lat' dir='ltr'><strong>mediam</strong></span> <span class='ocrx_word' id='word_1_283' title='bbox 870 2153 943 2173; x_wconf 92' lang='lat' dir='ltr'><strong>noc-</strong></span> 
     </span>
     <span class='ocr_line' id='line_1_42' title="bbox 163 2192 943 2230; baseline -0.001 -8"><span class='ocrx_word' id='word_1_284' title='bbox 163 2196 233 2229; x_wconf 88' lang='lat' dir='ltr'><strong>tem,</strong></span> <span class='ocrx_word' id='word_1_285' title='bbox 251 2193 376 2230; x_wconf 86' lang='lat' dir='ltr'><strong>quidam</strong></span> <span class='ocrx_word' id='word_1_286' title='bbox 390 2192 562 2220; x_wconf 86' lang='lat' dir='ltr'><strong>adolescens</strong></span> <span class='ocrx_word' id='word_1_287' title='bbox 577 2201 735 2229; x_wconf 82' lang='lat' dir='ltr'><strong>oppressus</strong></span> <span class='ocrx_word' id='word_1_288' title='bbox 745 2201 852 2221; x_wconf 88' lang='lat' dir='ltr'><strong>somno</strong></span> <span class='ocrx_word' id='word_1_289' title='bbox 868 2193 943 2221; x_wconf 87' lang='lat' dir='ltr'><strong>ceci-</strong></span> 
     </span>
     <span class='ocr_line' id='line_1_43' title="bbox 164 2240 944 2274; baseline 0 -6"><span class='ocrx_word' id='word_1_290' title='bbox 164 2241 207 2269; x_wconf 92' lang='lat' dir='ltr'><strong>dit</strong></span> <span class='ocrx_word' id='word_1_291' title='bbox 222 2241 259 2268; x_wconf 91' lang='lat' dir='ltr'><strong>de</strong></span> <span class='ocrx_word' id='word_1_292' title='bbox 278 2240 415 2274; x_wconf 79' lang='lat' dir='ltr'><strong>fenestra,</strong></span> <span class='ocrx_word' id='word_1_293' title='bbox 435 2241 463 2268; x_wconf 88' lang='lat' dir='ltr'><strong>et</strong></span> <span class='ocrx_word' id='word_1_294' title='bbox 487 2240 621 2267; x_wconf 89' lang='lat' dir='ltr'><strong>sublatus</strong></span> <span class='ocrx_word' id='word_1_295' title='bbox 645 2241 687 2267; x_wconf 88' lang='lat' dir='ltr'><strong>est</strong></span> <span class='ocrx_word' id='word_1_296' title='bbox 707 2242 852 2268; x_wconf 86' lang='lat' dir='ltr'><strong>mortuus.</strong></span> <span class='ocrx_word' id='word_1_297' title='bbox 872 2240 944 2268; x_wconf 82' lang='lat' dir='ltr'><strong>«Ad</strong></span> 
     </span>
     <span class='ocr_line' id='line_1_44' title="bbox 164 2287 945 2324; baseline 0 -9"><span class='ocrx_word' id='word_1_298' title='bbox 164 2296 255 2324; x_wconf 81' lang='lat' dir='ltr'><strong>quem</strong></span> <span class='ocrx_word' id='word_1_299' title='bbox 274 2295 342 2315; x_wconf 88' lang='lat' dir='ltr'><strong>cum</strong></span> <span class='ocrx_word' id='word_1_300' title='bbox 361 2287 558 2315; x_wconf 84' lang='lat' dir='ltr'><strong>descendisset</strong></span> <span class='ocrx_word' id='word_1_301' title='bbox 574 2287 690 2321; x_wconf 85' lang='lat' dir='ltr'><strong>Paulus,</strong></span> <span class='ocrx_word' id='word_1_302' title='bbox 705 2296 719 2313; x_wconf 68' lang='lat' dir='ltr'><strong>n</strong></span> <span class='ocrx_word' id='word_1_303' title='bbox 738 2289 766 2315; x_wconf 87' lang='lat' dir='ltr'><strong>et</strong></span> <span class='ocrx_word' id='word_1_304' title='bbox 780 2287 945 2315; x_wconf 79' lang='lat' dir='ltr'><strong>suscitasset</strong></span> 
     </span>
     <span class='ocr_line' id='line_1_45' title="bbox 165 2333 944 2370; baseline -0.001 -7"><span class='ocrx_word' id='word_1_305' title='bbox 165 2343 243 2370; x_wconf 92' lang='lat' dir='ltr'><strong>eum,</strong></span> <span class='ocrx_word' id='word_1_306' title='bbox 259 2342 360 2362; x_wconf 88' lang='lat' dir='ltr'><strong>rursus</strong></span> <span class='ocrx_word' id='word_1_307' title='bbox 376 2334 508 2362; x_wconf 84' lang='lat' dir='ltr'><strong>ascendit</strong></span> <span class='ocrx_word' id='word_1_308' title='bbox 523 2336 550 2361; x_wconf 90' lang='lat' dir='ltr'><strong>et</strong></span> <span class='ocrx_word' id='word_1_309' title='bbox 564 2333 711 2361; x_wconf 85' lang='lat' dir='ltr'><strong>allocutus</strong></span> <span class='ocrx_word' id='word_1_310' title='bbox 727 2335 769 2362; x_wconf 89' lang='lat' dir='ltr'><strong>est</strong></span> <span class='ocrx_word' id='word_1_311' title='bbox 784 2342 835 2362; x_wconf 91' lang='lat' dir='ltr'><strong>eos</strong></span> <span class='ocrx_word' id='word_1_312' title='bbox 849 2342 944 2370; x_wconf 86' lang='lat' dir='ltr'><strong>usque</strong></span> 
     </span>
     <span class='ocr_line' id='line_1_46' title="bbox 165 2381 945 2418; baseline 0 -8"><span class='ocrx_word' id='word_1_313' title='bbox 165 2382 205 2410; x_wconf 91' lang='lat' dir='ltr'><strong>ad</strong></span> <span class='ocrx_word' id='word_1_314' title='bbox 218 2382 332 2417; x_wconf 88' lang='lat' dir='ltr'><strong>lucem,</strong></span> <span class='ocrx_word' id='word_1_315' title='bbox 348 2383 376 2410; x_wconf 91' lang='lat' dir='ltr'><strong>et</strong></span> <span class='ocrx_word' id='word_1_316' title='bbox 390 2381 431 2409; x_wconf 90' lang='lat' dir='ltr'><strong>sic</strong></span> <span class='ocrx_word' id='word_1_317' title='bbox 450 2381 599 2418; x_wconf 79' lang='lat' dir='ltr'><strong>profectus</strong></span> <span class='ocrx_word' id='word_1_318' title='bbox 614 2381 666 2409; x_wconf 85' lang='lat' dir='ltr'><strong>est.</strong></span> <span class='ocrx_word' id='word_1_319' title='bbox 689 2382 774 2416; x_wconf 63' lang='lat' dir='ltr'><strong>Act„</strong></span> <span class='ocrx_word' id='word_1_320' title='bbox 789 2389 845 2416; x_wconf 83' lang='lat' dir='ltr'><strong>xx,</strong></span> <span class='ocrx_word' id='word_1_321' title='bbox 863 2383 896 2410; x_wconf 81' lang='lat'><strong>10</strong></span> <span class='ocrx_word' id='word_1_322' title='bbox 917 2384 945 2410; x_wconf 88' lang='lat' dir='ltr'><strong>et</strong></span> 
     </span>
     <span class='ocr_line' id='line_1_47' title="bbox 165 2437 228 2466; baseline 0.016 -10"><span class='ocrx_word' id='word_1_323' title='bbox 165 2437 228 2466; x_wconf 87' lang='lat' dir='ltr'><strong>seq.</strong></span> 
     </span>
    </p>

    <p class='ocr_par' dir='ltr' id='par_1_11' title="bbox 167 2476 946 2656">
     <span class='ocr_line' id='line_1_48' title="bbox 201 2476 946 2512; baseline 0 -8"><span class='ocrx_word' id='word_1_324' title='bbox 201 2478 275 2505; x_wconf 89' lang='lat' dir='ltr'><strong>Cum</strong></span> <span class='ocrx_word' id='word_1_325' title='bbox 296 2476 404 2504; x_wconf 88' lang='lat' dir='ltr'><strong>Paulus</strong></span> <span class='ocrx_word' id='word_1_326' title='bbox 417 2476 532 2504; x_wconf 81' lang='lat' dir='ltr'><strong>vinctus</strong></span> <span class='ocrx_word' id='word_1_327' title='bbox 548 2483 649 2504; x_wconf 86' lang='lat' dir='ltr'><strong>coram</strong></span> <span class='ocrx_word' id='word_1_328' title='bbox 667 2476 797 2512; x_wconf 80' lang='lat' dir='ltr'><strong>Agrippa</strong></span> <span class='ocrx_word' id='word_1_329' title='bbox 817 2484 901 2511; x_wconf 83' lang='lat' dir='ltr'><strong>rege,</strong></span> <span class='ocrx_word' id='word_1_330' title='bbox 918 2478 946 2505; x_wconf 93' lang='lat' dir='ltr'><strong>et</strong></span> 
     </span>
     <span class='ocr_line' id='line_1_49' title="bbox 167 2522 945 2559; baseline -0.001 -8"><span class='ocrx_word' id='word_1_331' title='bbox 167 2524 250 2551; x_wconf 89' lang='lat' dir='ltr'><strong>Festo</strong></span> <span class='ocrx_word' id='word_1_332' title='bbox 277 2523 402 2559; x_wconf 84' lang='lat' dir='ltr'><strong>praeside</strong></span> <span class='ocrx_word' id='word_1_333' title='bbox 412 2545 421 2558; x_wconf 93' lang='lat'><strong>,</strong></span> <span class='ocrx_word' id='word_1_334' title='bbox 450 2522 589 2551; x_wconf 83' lang='lat' dir='ltr'><strong>redderet</strong></span> <span class='ocrx_word' id='word_1_335' title='bbox 620 2523 784 2557; x_wconf 85' lang='lat' dir='ltr'><strong>rationem,</strong></span> <span class='ocrx_word' id='word_1_336' title='bbox 815 2523 945 2559; x_wconf 84' lang='lat' dir='ltr'><strong>Agrippa</strong></span> 
     </span>
     <span class='ocr_line' id='line_1_50' title="bbox 168 2571 946 2600; baseline 0.001 -2"><span class='ocrx_word' id='word_1_337' title='bbox 168 2571 242 2599; x_wconf 83' lang='lat' dir='ltr'><strong>dixit</strong></span> <span class='ocrx_word' id='word_1_338' title='bbox 255 2571 282 2599; x_wconf 93' lang='lat' dir='ltr'><strong>ei</strong></span> <span class='ocrx_word' id='word_1_339' title='bbox 298 2580 304 2599; x_wconf 93' lang='lat'><strong>:</strong></span> <span class='ocrx_word' id='word_1_340' title='bbox 325 2573 383 2600; x_wconf 84' lang='lat' dir='ltr'><strong>«In</strong></span> <span class='ocrx_word' id='word_1_341' title='bbox 399 2572 520 2600; x_wconf 91' lang='lat' dir='ltr'><strong>modico</strong></span> <span class='ocrx_word' id='word_1_342' title='bbox 535 2571 643 2600; x_wconf 84' lang='lat' dir='ltr'><strong>suades</strong></span> <span class='ocrx_word' id='word_1_343' title='bbox 656 2571 730 2600; x_wconf 88' lang='lat' dir='ltr'><strong>mihi</strong></span> <span class='ocrx_word' id='word_1_344' title='bbox 748 2571 946 2600; x_wconf 88' lang='lat' dir='ltr'><strong>Christianum</strong></span> 
     </span>
     <span class='ocr_line' id='line_1_51' title="bbox 168 2618 524 2656; baseline 0.006 -10"><span class='ocrx_word' id='word_1_345' title='bbox 168 2618 243 2647; x_wconf 87' lang='lat' dir='ltr'><strong>fieri.</strong></span> <span class='ocrx_word' id='word_1_346' title='bbox 258 2629 271 2645; x_wconf 85' lang='lat'>»</span> <span class='ocrx_word' id='word_1_347' title='bbox 291 2618 367 2654; x_wconf 59' lang='lat' dir='ltr'><strong>Act„</strong></span> <span class='ocrx_word' id='word_1_348' title='bbox 382 2627 463 2656; x_wconf 78' lang='lat' dir='ltr'><strong>xxvr,</strong></span> <span class='ocrx_word' id='word_1_349' title='bbox 479 2620 524 2648; x_wconf 72' lang='lat'><strong>28.</strong></span> 
     </span>
    </p>
   </div>
   <div class='ocr_carea' id='block_1_3' title="bbox 169 2681 946 2750">
    <p class='ocr_par' dir='ltr' id='par_1_12' title="bbox 169 2681 946 2750">
     <span class='ocr_line' id='line_1_52' title="bbox 202 2681 946 2714; baseline 0.001 -9"><span class='ocrx_word' id='word_1_350' title='bbox 202 2683 234 2712; x_wconf 79' lang='lat' dir='ltr'><strong>(a)</strong></span> <span class='ocrx_word' id='word_1_351' title='bbox 257 2682 329 2713; x_wconf 71' lang='lat' dir='ltr'><strong>Vulq.</strong></span> <span class='ocrx_word' id='word_1_352' title='bbox 347 2682 541 2713; x_wconf 84' lang='lat' dir='ltr'><strong>discipulorum.</strong></span> <span class='ocrx_word' id='word_1_353' title='bbox 557 2694 587 2700; x_wconf 97' lang='lat'><strong>—</strong></span> <span class='ocrx_word' id='word_1_354' title='bbox 603 2681 638 2713; x_wconf 89' lang='lat' dir='ltr'><strong>(b)</strong></span> <span class='ocrx_word' id='word_1_355' title='bbox 655 2682 714 2707; x_wconf 84' lang='lat' dir='ltr'><strong>Loco</strong></span> <span class='ocrx_word' id='word_1_356' title='bbox 729 2682 782 2714; x_wconf 88' lang='lat' dir='ltr'><strong>ubi,</strong></span> <span class='ocrx_word' id='word_1_357' title='bbox 804 2682 880 2714; x_wconf 65' lang='lat' dir='ltr'><strong>Vulqs</strong></span> <span class='ocrx_word' id='word_1_358' title='bbox 897 2682 946 2707; x_wconf 83' lang='lat' dir='ltr'><strong>vir.</strong></span> 
     </span>
     <span class='ocr_line' id='line_1_53' title="bbox 169 2718 469 2750; baseline 0 -7"><span class='ocrx_word' id='word_1_359' title='bbox 169 2733 199 2738; x_wconf 89' lang='lat'>—</span> <span class='ocrx_word' id='word_1_360' title='bbox 215 2719 243 2750; x_wconf 83' lang='lat' dir='ltr'><strong>(e)</strong></span> <span class='ocrx_word' id='word_1_361' title='bbox 261 2718 334 2750; x_wconf 77' lang='lat' dir='ltr'><strong>Vuly.</strong></span> <span class='ocrx_word' id='word_1_362' title='bbox 350 2719 469 2743; x_wconf 88' lang='lat' dir='ltr'>Ammon.</span> 
     </span>
    </p>
   </div>
   <div class='ocr_carea' id='block_1_4' title="bbox 1722 227 1778 260">
    <p class='ocr_par' dir='ltr' id='par_1_13' title="bbox 1722 227 1778 260">
     <span class='ocr_line' id='line_1_54' title="bbox 1722 227 1778 260; baseline 0.018 -1"><span class='ocrx_word' id='word_1_363' title='bbox 1722 227 1778 260; x_wconf 74' lang='lat'><strong>52¹</strong></span> 
     </span>
    </p>
   </div>
   <div class='ocr_carea' id='block_1_5' title="bbox 1226 361 1559 399">
    <p class='ocr_par' dir='ltr' id='par_1_14' title="bbox 1226 361 1559 399">
     <span class='ocr_line' id='line_1_55' title="bbox 1226 361 1559 399; baseline 0.006 -3"><span class='ocrx_word' id='word_1_364' title='bbox 1226 361 1370 399; x_wconf 88' lang='lat' dir='ltr'><strong>CAPUT</strong></span> <span class='ocrx_word' id='word_1_365' title='bbox 1399 361 1559 398; x_wconf 74' lang='lat' dir='ltr'><strong>XXVIII-¹</strong></span> 
     </span>
    </p>
   </div>
   <div class='ocr_carea' id='block_1_6' title="bbox 1104 449 1675 488">
    <p class='ocr_par' dir='ltr' id='par_1_15' title="bbox 1104 449 1675 488">
     <span class='ocr_line' id='line_1_56' title="bbox 1104 449 1675 488; baseline -0.005 -8"><span class='ocrx_word' id='word_1_366' title='bbox 1104 453 1143 480; x_wconf 81' lang='lat' dir='ltr'><strong>De</strong></span> <span class='ocrx_word' id='word_1_367' title='bbox 1161 451 1282 480; x_wconf 80' lang='lat' dir='ltr'><strong>consiliis</strong></span> <span class='ocrx_word' id='word_1_368' title='bbox 1302 452 1328 479; x_wconf 80' lang='lat' dir='ltr'><strong>et</strong></span> <span class='ocrx_word' id='word_1_369' title='bbox 1342 449 1565 488; x_wconf 78' lang='lat' dir='ltr'><strong>persuasionibus</strong></span> <span class='ocrx_word' id='word_1_370' title='bbox 1583 449 1675 478; x_wconf 84' lang='lat' dir='ltr'><strong>malis.</strong></span> 
     </span>
    </p>
   </div>
   <div class='ocr_carea' id='block_1_7' title="bbox 996 535 1793 2750">
    <p class='ocr_par' dir='ltr' id='par_1_16' title="bbox 997 535 1782 668">
     <span class='ocr_line' id='line_1_57' title="bbox 1035 535 1782 574; baseline -0.003 -7"><span class='ocrx_word' id='word_1_371' title='bbox 1035 540 1115 567; x_wconf 80' lang='lat' dir='ltr'><strong>Heva</strong></span> <span class='ocrx_word' id='word_1_372' title='bbox 1129 538 1166 567; x_wconf 90' lang='lat' dir='ltr'><strong>de</strong></span> <span class='ocrx_word' id='word_1_373' title='bbox 1180 537 1264 574; x_wconf 89' lang='lat' dir='ltr'><strong>ligno</strong></span> <span class='ocrx_word' id='word_1_374' title='bbox 1276 537 1343 565; x_wconf 83' lang='lat' dir='ltr'><strong>vitae</strong></span> <span class='ocrx_word' id='word_1_375' title='bbox 1357 535 1439 565; x_wconf 88' lang='lat' dir='ltr'><strong>dedit</strong></span> <span class='ocrx_word' id='word_1_376' title='bbox 1453 535 1519 564; x_wconf 84' lang='lat' dir='ltr'><strong>viro</strong></span> <span class='ocrx_word' id='word_1_377' title='bbox 1534 543 1600 572; x_wconf 91' lang='lat' dir='ltr'><strong>suo,</strong></span> <span class='ocrx_word' id='word_1_378' title='bbox 1615 535 1668 573; x_wconf 86' lang='lat' dir='ltr'><strong>qui</strong></span> <span class='ocrx_word' id='word_1_379' title='bbox 1683 543 1782 565; x_wconf 86' lang='lat' dir='ltr'><strong>come-</strong></span> 
     </span>
     <span class='ocr_line' id='line_1_58' title="bbox 997 582 1781 622; baseline -0.006 -5"><span class='ocrx_word' id='word_1_380' title='bbox 997 587 1051 622; x_wconf 82' lang='lat' dir='ltr'><strong>dit,</strong></span> <span class='ocrx_word' id='word_1_381' title='bbox 1066 587 1144 622; x_wconf 63' lang='lat' dir='ltr'><strong>Gen„</strong></span> <span class='ocrx_word' id='word_1_382' title='bbox 1159 593 1201 614; x_wconf 87' lang='lat'><strong>111.</strong></span> <span class='ocrx_word' id='word_1_383' title='bbox 1218 583 1460 614; x_wconf 86' lang='lat' dir='ltr'><strong>Praesumendum</strong></span> <span class='ocrx_word' id='word_1_384' title='bbox 1477 584 1519 612; x_wconf 90' lang='lat' dir='ltr'><strong>est</strong></span> <span class='ocrx_word' id='word_1_385' title='bbox 1535 583 1621 620; x_wconf 87' lang='lat' dir='ltr'><strong>quod</strong></span> <span class='ocrx_word' id='word_1_386' title='bbox 1635 582 1700 620; x_wconf 84' lang='lat' dir='ltr'><strong>ipsa</strong></span> <span class='ocrx_word' id='word_1_387' title='bbox 1713 591 1781 620; x_wconf 90' lang='lat' dir='ltr'><strong>per-</strong></span> 
     </span>
     <span class='ocr_line' id='line_1_59' title="bbox 997 631 1456 668; baseline -0.009 -6"><span class='ocrx_word' id='word_1_388' title='bbox 997 634 1130 663; x_wconf 82' lang='lat' dir='ltr'><strong>suaserat</strong></span> <span class='ocrx_word' id='word_1_389' title='bbox 1141 632 1217 668; x_wconf 77' lang='lat' dir='ltr'><strong>vim,</strong></span> <span class='ocrx_word' id='word_1_390' title='bbox 1232 633 1265 660; x_wconf 93' lang='lat' dir='ltr'><strong>ut</strong></span> <span class='ocrx_word' id='word_1_391' title='bbox 1277 631 1456 660; x_wconf 88' lang='lat' dir='ltr'><strong>comederet.</strong></span> 
     </span>
    </p>

    <p class='ocr_par' dir='ltr' id='par_1_17' title="bbox 997 678 1782 763">
     <span class='ocr_line' id='line_1_60' title="bbox 1032 678 1782 716; baseline -0.001 -7"><span class='ocrx_word' id='word_1_392' title='bbox 1032 680 1173 716; x_wconf 85' lang='lat' dir='ltr'><strong>Domina,</strong></span> <span class='ocrx_word' id='word_1_393' title='bbox 1197 680 1245 708; x_wconf 83' lang='lat' dir='ltr'><strong>cui</strong></span> <span class='ocrx_word' id='word_1_394' title='bbox 1264 679 1411 708; x_wconf 86' lang='lat' dir='ltr'><strong>serviebat</strong></span> <span class='ocrx_word' id='word_1_395' title='bbox 1430 679 1555 716; x_wconf 86' lang='lat' dir='ltr'><strong>Joseph,</strong></span> <span class='ocrx_word' id='word_1_396' title='bbox 1578 678 1657 708; x_wconf 85' lang='lat' dir='ltr'><strong>male</strong></span> <span class='ocrx_word' id='word_1_397' title='bbox 1683 679 1782 716; x_wconf 89' lang='lat' dir='ltr'><strong>ipsum</strong></span> 
     </span>
     <span class='ocr_line' id='line_1_61' title="bbox 997 726 1622 763; baseline -0.002 -7"><span class='ocrx_word' id='word_1_398' title='bbox 997 728 1175 757; x_wconf 76' lang='lat' dir='ltr'><strong>sollicItabat</strong></span> <span class='ocrx_word' id='word_1_399' title='bbox 1190 727 1230 755; x_wconf 91' lang='lat' dir='ltr'><strong>ad</strong></span> <span class='ocrx_word' id='word_1_400' title='bbox 1243 727 1410 763; x_wconf 87' lang='lat' dir='ltr'><strong>peccatum,</strong></span> <span class='ocrx_word' id='word_1_401' title='bbox 1427 726 1505 761; x_wconf 68' lang='lat' dir='ltr'><strong>Gen„</strong></span> <span class='ocrx_word' id='word_1_402' title='bbox 1520 733 1622 755; x_wconf 83' lang='lat' dir='ltr'><strong>xxxix.</strong></span> 
     </span>
    </p>

    <p class='ocr_par' dir='ltr' id='par_1_18' title="bbox 996 773 1783 953">
     <span class='ocr_line' id='line_1_62' title="bbox 1032 773 1781 810; baseline -0.003 -7"><span class='ocrx_word' id='word_1_403' title='bbox 1032 776 1146 804; x_wconf 86' lang='lat' dir='ltr'><strong>Moram</strong></span> <span class='ocrx_word' id='word_1_404' title='bbox 1157 774 1282 803; x_wconf 83' lang='lat' dir='ltr'><strong>faciente</strong></span> <span class='ocrx_word' id='word_1_405' title='bbox 1297 774 1397 810; x_wconf 82' lang='lat' dir='ltr'><strong>Moyse</strong></span> <span class='ocrx_word' id='word_1_406' title='bbox 1407 781 1477 801; x_wconf 85' lang='lat' dir='ltr'><strong>cum</strong></span> <span class='ocrx_word' id='word_1_407' title='bbox 1486 773 1612 801; x_wconf 90' lang='lat' dir='ltr'><strong>Domino</strong></span> <span class='ocrx_word' id='word_1_408' title='bbox 1628 773 1659 801; x_wconf 90' lang='lat' dir='ltr'><strong>in</strong></span> <span class='ocrx_word' id='word_1_409' title='bbox 1670 775 1781 809; x_wconf 86' lang='lat' dir='ltr'><strong>monte,</strong></span> 
     </span>
     <span class='ocr_line' id='line_1_63' title="bbox 997 820 1783 858; baseline -0.003 -7"><span class='ocrx_word' id='word_1_410' title='bbox 997 822 1072 851; x_wconf 75' lang='lat' dir='ltr'><strong>dixit</strong></span> <span class='ocrx_word' id='word_1_411' title='bbox 1085 822 1216 858; x_wconf 85' lang='lat' dir='ltr'><strong>populus</strong></span> <span class='ocrx_word' id='word_1_412' title='bbox 1230 821 1270 850; x_wconf 87' lang='lat' dir='ltr'><strong>ad</strong></span> <span class='ocrx_word' id='word_1_413' title='bbox 1284 822 1382 849; x_wconf 86' lang='lat' dir='ltr'><strong>Aaron</strong></span> <span class='ocrx_word' id='word_1_414' title='bbox 1398 829 1405 848; x_wconf 72' lang='grc' dir='ltr'>ε</span> <span class='ocrx_word' id='word_1_415' title='bbox 1424 830 1438 846; x_wconf 88' lang='grc'>«</span> <span class='ocrx_word' id='word_1_416' title='bbox 1452 822 1508 848; x_wconf 84' lang='lat' dir='ltr'><strong>Fac</strong></span> <span class='ocrx_word' id='word_1_417' title='bbox 1522 820 1610 849; x_wconf 90' lang='lat' dir='ltr'><strong>nobis</strong></span> <span class='ocrx_word' id='word_1_418' title='bbox 1631 820 1714 856; x_wconf 88' lang='lat' dir='ltr'><strong>deos,</strong></span> <span class='ocrx_word' id='word_1_419' title='bbox 1731 820 1783 857; x_wconf 84' lang='lat' dir='ltr'><strong>qui</strong></span> 
     </span>
     <span class='ocr_line' id='line_1_64' title="bbox 997 866 1783 906; baseline -0.003 -8"><span class='ocrx_word' id='word_1_420' title='bbox 997 878 1052 898; x_wconf 89' lang='lat' dir='ltr'><strong>nos</strong></span> <span class='ocrx_word' id='word_1_421' title='bbox 1067 869 1237 906; x_wconf 80' lang='lat' dir='ltr'><strong>praecedant</strong></span> <span class='ocrx_word' id='word_1_422' title='bbox 1243 878 1251 904; x_wconf 82' lang='lat'>3</span> <span class='ocrx_word' id='word_1_423' title='bbox 1267 878 1281 895; x_wconf 70' lang='lat'><strong>&gt;³</strong></span> <span class='ocrx_word' id='word_1_424' title='bbox 1300 868 1412 904; x_wconf 89' lang='lat' dir='ltr'><strong>quibus</strong></span> <span class='ocrx_word' id='word_1_425' title='bbox 1427 866 1668 903; x_wconf 82' lang='lat' dir='ltr'><strong>suggestionibus</strong></span> <span class='ocrx_word' id='word_1_426' title='bbox 1685 875 1783 904; x_wconf 88' lang='lat' dir='ltr'><strong>popu·</strong></span> 
     </span>
     <span class='ocr_line' id='line_1_65' title="bbox 996 915 1674 953; baseline -0.006 -7"><span class='ocrx_word' id='word_1_427' title='bbox 996 918 1042 946; x_wconf 90' lang='lat' dir='ltr'><strong>lus</strong></span> <span class='ocrx_word' id='word_1_428' title='bbox 1055 917 1133 945; x_wconf 84' lang='lat' dir='ltr'><strong>male</strong></span> <span class='ocrx_word' id='word_1_429' title='bbox 1148 916 1306 953; x_wconf 83' lang='lat' dir='ltr'><strong>acquievit.</strong></span> <span class='ocrx_word' id='word_1_430' title='bbox 1317 915 1422 948; x_wconf 68' lang='lat' dir='ltr'><strong>Emod„</strong></span> <span class='ocrx_word' id='word_1_431' title='bbox 1437 915 1553 950; x_wconf 83' lang='lat' dir='ltr'><strong>xxxn‚1</strong></span> <span class='ocrx_word' id='word_1_432' title='bbox 1569 916 1597 943; x_wconf 91' lang='lat' dir='ltr'><strong>et</strong></span> <span class='ocrx_word' id='word_1_433' title='bbox 1610 922 1674 951; x_wconf 90' lang='lat' dir='ltr'><strong>seq.</strong></span> 
     </span>
    </p>

    <p class='ocr_par' dir='ltr' id='par_1_19' title="bbox 996 962 1784 1094">
     <span class='ocr_line' id='line_1_66' title="bbox 1033 962 1783 999; baseline -0.003 -6"><span class='ocrx_word' id='word_1_434' title='bbox 1033 965 1155 993; x_wconf 84' lang='lat' dir='ltr'><strong>Balaam</strong></span> <span class='ocrx_word' id='word_1_435' title='bbox 1169 964 1271 993; x_wconf 83' lang='lat' dir='ltr'><strong>docuit</strong></span> <span class='ocrx_word' id='word_1_436' title='bbox 1285 964 1372 992; x_wconf 87' lang='lat' dir='ltr'><strong>Balac</strong></span> <span class='ocrx_word' id='word_1_437' title='bbox 1382 984 1391 998; x_wconf 91' lang='lat'><em>‚</em></span> <span class='ocrx_word' id='word_1_438' title='bbox 1406 962 1563 999; x_wconf 88' lang='lat' dir='ltr'><strong>quomodo</strong></span> <span class='ocrx_word' id='word_1_439' title='bbox 1575 971 1630 999; x_wconf 91' lang='lat' dir='ltr'><strong>per</strong></span> <span class='ocrx_word' id='word_1_440' title='bbox 1643 963 1783 992; x_wconf 90' lang='lat' dir='ltr'><strong>mulieres</strong></span> 
     </span>
     <span class='ocr_line' id='line_1_67' title="bbox 996 1010 1784 1048; baseline 0 -9"><span class='ocrx_word' id='word_1_441' title='bbox 996 1013 1096 1048; x_wconf 90' lang='lat' dir='ltr'><strong>posset</strong></span> <span class='ocrx_word' id='word_1_442' title='bbox 1114 1011 1192 1040; x_wconf 90' lang='lat' dir='ltr'><strong>filios</strong></span> <span class='ocrx_word' id='word_1_443' title='bbox 1211 1011 1301 1040; x_wconf 87' lang='lat' dir='ltr'><strong>Israel</strong></span> <span class='ocrx_word' id='word_1_444' title='bbox 1326 1011 1365 1039; x_wconf 90' lang='lat' dir='ltr'><strong>ad</strong></span> <span class='ocrx_word' id='word_1_445' title='bbox 1384 1012 1540 1047; x_wconf 86' lang='lat' dir='ltr'><strong>peccatum</strong></span> <span class='ocrx_word' id='word_1_446' title='bbox 1554 1010 1686 1045; x_wconf 83' lang='lat' dir='ltr'><strong>trahere,</strong></span> <span class='ocrx_word' id='word_1_447' title='bbox 1701 1011 1729 1039; x_wconf 88' lang='lat' dir='ltr'><strong>et</strong></span> <span class='ocrx_word' id='word_1_448' title='bbox 1742 1011 1784 1039; x_wconf 90' lang='lat' dir='ltr'><strong>sic</strong></span> 
     </span>
     <span class='ocr_line' id='line_1_68' title="bbox 1000 1058 1728 1094; baseline -0.003 -7"><span class='ocrx_word' id='word_1_449' title='bbox 1000 1060 1104 1088; x_wconf 88' lang='lat' dir='ltr'><strong>contra</strong></span> <span class='ocrx_word' id='word_1_450' title='bbox 1119 1067 1150 1087; x_wconf 90' lang='lat' dir='ltr'><strong>se</strong></span> <span class='ocrx_word' id='word_1_451' title='bbox 1165 1058 1325 1086; x_wconf 90' lang='lat' dir='ltr'><strong>Dominum</strong></span> <span class='ocrx_word' id='word_1_452' title='bbox 1338 1065 1513 1094; x_wconf 85' lang='lat' dir='ltr'><strong>provocare.</strong></span> <span class='ocrx_word' id='word_1_453' title='bbox 1528 1058 1611 1086; x_wconf 82' lang='lat' dir='ltr'>Num.</span> <span class='ocrx_word' id='word_1_454' title='bbox 1621 1078 1631 1092; x_wconf 86' lang='lat'><strong>,</strong></span> <span class='ocrx_word' id='word_1_455' title='bbox 1646 1065 1728 1086; x_wconf 83' lang='lat' dir='ltr'><strong>xxm.</strong></span> 
     </span>
    </p>

    <p class='ocr_par' dir='ltr' id='par_1_20' title="bbox 997 1104 1785 1187">
     <span class='ocr_line' id='line_1_69' title="bbox 1033 1104 1785 1141; baseline 0 -7"><span class='ocrx_word' id='word_1_456' title='bbox 1033 1106 1097 1134; x_wconf 91' lang='lat' dir='ltr'><strong>Filii</strong></span> <span class='ocrx_word' id='word_1_457' title='bbox 1111 1108 1207 1134; x_wconf 85' lang='lat' dir='ltr'><strong>Amon</strong></span> <span class='ocrx_word' id='word_1_458' title='bbox 1222 1106 1254 1140; x_wconf 80' lang='lat' dir='ltr'><strong>(c)</strong></span> <span class='ocrx_word' id='word_1_459' title='bbox 1268 1105 1347 1133; x_wconf 90' lang='lat' dir='ltr'><strong>male</strong></span> <span class='ocrx_word' id='word_1_460' title='bbox 1361 1106 1572 1141; x_wconf 87' lang='lat' dir='ltr'><strong>persuaserunt</strong></span> <span class='ocrx_word' id='word_1_461' title='bbox 1586 1104 1650 1141; x_wconf 83' lang='lat' dir='ltr'><strong>regi</strong></span> <span class='ocrx_word' id='word_1_462' title='bbox 1664 1112 1718 1133; x_wconf 92' lang='lat' dir='ltr'><strong>suo</strong></span> <span class='ocrx_word' id='word_1_463' title='bbox 1727 1125 1738 1140; x_wconf 93' lang='lat'><strong>,</strong></span> <span class='ocrx_word' id='word_1_464' title='bbox 1752 1107 1785 1134; x_wconf 86' lang='lat' dir='ltr'><strong>ut</strong></span> 
     </span>
     <span class='ocr_line' id='line_1_70' title="bbox 997 1152 1639 1187; baseline -0.003 -5"><span class='ocrx_word' id='word_1_465' title='bbox 997 1153 1205 1182; x_wconf 83' lang='lat' dir='ltr'><strong>dehonestaret</strong></span> <span class='ocrx_word' id='word_1_466' title='bbox 1219 1153 1340 1181; x_wconf 85' lang='lat' dir='ltr'><strong>nuntios</strong></span> <span class='ocrx_word' id='word_1_467' title='bbox 1356 1152 1460 1180; x_wconf 87' lang='lat' dir='ltr'><strong>David.</strong></span> <span class='ocrx_word' id='word_1_468' title='bbox 1475 1153 1497 1181; x_wconf 84' lang='lat'><strong>11</strong></span> <span class='ocrx_word' id='word_1_469' title='bbox 1512 1153 1594 1187; x_wconf 63' lang='lat' dir='ltr'><strong>Req„</strong></span> <span class='ocrx_word' id='word_1_470' title='bbox 1609 1160 1639 1180; x_wconf 87' lang='lat' dir='ltr'><strong>x.</strong></span> 
     </span>
    </p>

    <p class='ocr_par' dir='ltr' id='par_1_21' title="bbox 997 1198 1785 1331">
     <span class='ocr_line' id='line_1_71' title="bbox 1032 1198 1785 1236; baseline -0.003 -7"><span class='ocrx_word' id='word_1_471' title='bbox 1032 1200 1169 1229; x_wconf 85' lang='lat' dir='ltr'><strong>Jonadab</strong></span> <span class='ocrx_word' id='word_1_472' title='bbox 1184 1208 1279 1236; x_wconf 92' lang='lat' dir='ltr'><strong>nepos</strong></span> <span class='ocrx_word' id='word_1_473' title='bbox 1290 1199 1384 1228; x_wconf 89' lang='lat' dir='ltr'><strong>David</strong></span> <span class='ocrx_word' id='word_1_474' title='bbox 1395 1199 1510 1227; x_wconf 87' lang='lat' dir='ltr'><strong>malum</strong></span> <span class='ocrx_word' id='word_1_475' title='bbox 1524 1198 1687 1227; x_wconf 88' lang='lat' dir='ltr'><strong>consilium</strong></span> <span class='ocrx_word' id='word_1_476' title='bbox 1701 1198 1785 1227; x_wconf 87' lang='lat' dir='ltr'><strong>dedit</strong></span> 
     </span>
     <span class='ocr_line' id='line_1_72' title="bbox 997 1245 1784 1282; baseline -0.003 -6"><span class='ocrx_word' id='word_1_477' title='bbox 997 1249 1125 1282; x_wconf 88' lang='lat' dir='ltr'><strong>Amnon,</strong></span> <span class='ocrx_word' id='word_1_478' title='bbox 1141 1248 1174 1275; x_wconf 94' lang='lat' dir='ltr'><strong>ut</strong></span> <span class='ocrx_word' id='word_1_479' title='bbox 1197 1246 1356 1275; x_wconf 84' lang='lat' dir='ltr'><strong>defloraret</strong></span> <span class='ocrx_word' id='word_1_480' title='bbox 1376 1254 1512 1274; x_wconf 85' lang='lat' dir='ltr'><strong>sororem</strong></span> <span class='ocrx_word' id='word_1_481' title='bbox 1533 1253 1637 1282; x_wconf 82' lang='lat' dir='ltr'><strong>suam3</strong></span> <span class='ocrx_word' id='word_1_482' title='bbox 1663 1245 1700 1274; x_wconf 89' lang='lat' dir='ltr'><strong>de</strong></span> <span class='ocrx_word' id='word_1_483' title='bbox 1721 1253 1784 1282; x_wconf 86' lang='lat' dir='ltr'><strong>quo</strong></span> 
     </span>
     <span class='ocr_line' id='line_1_73' title="bbox 997 1294 1698 1331; baseline -0.004 -8"><span class='ocrx_word' id='word_1_484' title='bbox 997 1296 1102 1331; x_wconf 87' lang='lat' dir='ltr'><strong>postea</strong></span> <span class='ocrx_word' id='word_1_485' title='bbox 1115 1294 1210 1322; x_wconf 85' lang='lat' dir='ltr'><strong>multa</strong></span> <span class='ocrx_word' id='word_1_486' title='bbox 1221 1294 1301 1322; x_wconf 82' lang='lat' dir='ltr'><strong>mala</strong></span> <span class='ocrx_word' id='word_1_487' title='bbox 1315 1294 1486 1321; x_wconf 87' lang='lat' dir='ltr'><strong>evenerunt.</strong></span> <span class='ocrx_word' id='word_1_488' title='bbox 1502 1294 1525 1321; x_wconf 88' lang='lat'><strong>11</strong></span> <span class='ocrx_word' id='word_1_489' title='bbox 1541 1294 1619 1328; x_wconf 65' lang='lat' dir='ltr'><strong>Req„</strong></span> <span class='ocrx_word' id='word_1_490' title='bbox 1634 1300 1698 1321; x_wconf 86' lang='lat' dir='ltr'><strong>x111.</strong></span> 
     </span>
    </p>

    <p class='ocr_par' dir='ltr' id='par_1_22' title="bbox 998 1340 1786 1517">
     <span class='ocr_line' id='line_1_74' title="bbox 1034 1340 1784 1377; baseline -0.001 -8"><span class='ocrx_word' id='word_1_491' title='bbox 1034 1341 1245 1370; x_wconf 85' lang='lat' dir='ltr'><strong>Detestandum</strong></span> <span class='ocrx_word' id='word_1_492' title='bbox 1263 1343 1291 1369; x_wconf 91' lang='lat' dir='ltr'><strong>et</strong></span> <span class='ocrx_word' id='word_1_493' title='bbox 1312 1342 1398 1377; x_wconf 87' lang='lat' dir='ltr'><strong>turpe</strong></span> <span class='ocrx_word' id='word_1_494' title='bbox 1416 1340 1575 1368; x_wconf 87' lang='lat' dir='ltr'><strong>consilium</strong></span> <span class='ocrx_word' id='word_1_495' title='bbox 1597 1340 1680 1368; x_wconf 87' lang='lat' dir='ltr'><strong>dedit</strong></span> <span class='ocrx_word' id='word_1_496' title='bbox 1699 1340 1784 1369; x_wconf 87' lang='lat' dir='ltr'><strong>Achi-</strong></span> 
     </span>
     <span class='ocr_line' id='line_1_75' title="bbox 998 1387 1785 1425; baseline -0.004 -7"><span class='ocrx_word' id='word_1_497' title='bbox 998 1389 1100 1425; x_wconf 85' lang='lat' dir='ltr'><strong>tophel</strong></span> <span class='ocrx_word' id='word_1_498' title='bbox 1117 1388 1275 1422; x_wconf 84' lang='lat' dir='ltr'><strong>Absal·0m,·</strong></span> <span class='ocrx_word' id='word_1_499' title='bbox 1291 1388 1353 1416; x_wconf 86' lang='lat' dir='ltr'><strong>erat</strong></span> <span class='ocrx_word' id='word_1_500' title='bbox 1378 1396 1391 1413; x_wconf 91' lang='lat'>«</span> <span class='ocrx_word' id='word_1_501' title='bbox 1411 1387 1588 1422; x_wconf 89' lang='lat' dir='ltr'><strong>consilium,</strong></span> <span class='ocrx_word' id='word_1_502' title='bbox 1605 1397 1618 1414; x_wconf 70' lang='lat' dir='ltr'><strong>n</strong></span> <span class='ocrx_word' id='word_1_503' title='bbox 1637 1387 1721 1424; x_wconf 87' lang='lat' dir='ltr'><strong>quod</strong></span> <span class='ocrx_word' id='word_1_504' title='bbox 1735 1387 1785 1415; x_wconf 89' lang='lat' dir='ltr'><strong>ille</strong></span> 
     </span>
     <span class='ocr_line' id='line_1_76' title="bbox 1001 1434 1786 1471; baseline -0.001 -7"><span class='ocrx_word' id='word_1_505' title='bbox 1001 1446 1015 1463; x_wconf 89' lang='lat'>«</span> <span class='ocrx_word' id='word_1_506' title='bbox 1029 1436 1121 1464; x_wconf 85' lang='lat' dir='ltr'><strong>dabat</strong></span> <span class='ocrx_word' id='word_1_507' title='bbox 1134 1436 1166 1463; x_wconf 90' lang='lat' dir='ltr'><strong>in</strong></span> <span class='ocrx_word' id='word_1_508' title='bbox 1181 1435 1288 1463; x_wconf 87' lang='lat' dir='ltr'><strong>diebus</strong></span> <span class='ocrx_word' id='word_1_509' title='bbox 1311 1435 1369 1462; x_wconf 91' lang='lat' dir='ltr'><strong>illis</strong></span> <span class='ocrx_word' id='word_1_510' title='bbox 1380 1456 1388 1470; x_wconf 88' lang='lat'>‚</span> <span class='ocrx_word' id='word_1_511' title='bbox 1406 1434 1481 1463; x_wconf 88' lang='lat' dir='ltr'><strong>sicut</strong></span> <span class='ocrx_word' id='word_1_512' title='bbox 1495 1435 1519 1462; x_wconf 88' lang='lat' dir='ltr'><strong>si</strong></span> <span class='ocrx_word' id='word_1_513' title='bbox 1535 1434 1601 1471; x_wconf 87' lang='lat' dir='ltr'><strong>quis</strong></span> <span class='ocrx_word' id='word_1_514' title='bbox 1619 1434 1786 1463; x_wconf 89' lang='lat' dir='ltr'><strong>consuleret</strong></span> 
     </span>
     <span class='ocr_line' id='line_1_77' title="bbox 998 1483 1460 1517; baseline -0.004 -6"><span class='ocrx_word' id='word_1_515' title='bbox 998 1485 1100 1512; x_wconf 85' lang='lat' dir='ltr'><strong>Deum.</strong></span> <span class='ocrx_word' id='word_1_516' title='bbox 1117 1484 1166 1511; x_wconf 86' lang='lat'><strong>»11</strong></span> <span class='ocrx_word' id='word_1_517' title='bbox 1182 1484 1259 1517; x_wconf 67' lang='lat' dir='ltr'><strong>Req„</strong></span> <span class='ocrx_word' id='word_1_518' title='bbox 1276 1490 1339 1516; x_wconf 77' lang='lat' dir='ltr'><strong>xvi,</strong></span> <span class='ocrx_word' id='word_1_519' title='bbox 1351 1483 1398 1516; x_wconf 72' lang='lat'><strong>20,</strong></span> <span class='ocrx_word' id='word_1_520' title='bbox 1415 1483 1460 1509; x_wconf 81' lang='lat'><strong>23.</strong></span> 
     </span>
    </p>

    <p class='ocr_par' dir='ltr' id='par_1_23' title="bbox 998 1528 1785 1659">
     <span class='ocr_line' id='line_1_78' title="bbox 1033 1528 1785 1563; baseline -0.003 -5"><span class='ocrx_word' id='word_1_521' title='bbox 1033 1531 1207 1559; x_wconf 79' lang='lat' dir='ltr'><strong>Averterunt</strong></span> <span class='ocrx_word' id='word_1_522' title='bbox 1235 1529 1373 1557; x_wconf 89' lang='lat' dir='ltr'><strong>mulieres</strong></span> <span class='ocrx_word' id='word_1_523' title='bbox 1399 1536 1451 1556; x_wconf 86' lang='lat' dir='ltr'><strong>cor</strong></span> <span class='ocrx_word' id='word_1_524' title='bbox 1474 1528 1640 1557; x_wconf 85' lang='lat' dir='ltr'><strong>Salomonis</strong></span> <span class='ocrx_word' id='word_1_525' title='bbox 1651 1549 1660 1563; x_wconf 94' lang='lat'><strong>,</strong></span> <span class='ocrx_word' id='word_1_526' title='bbox 1689 1529 1717 1556; x_wconf 87' lang='lat' dir='ltr'><strong>et</strong></span> <span class='ocrx_word' id='word_1_527' title='bbox 1744 1528 1785 1557; x_wconf 86' lang='lat' dir='ltr'><strong>ita</strong></span> 
     </span>
     <span class='ocr_line' id='line_1_79' title="bbox 1000 1577 1785 1613; baseline -0.001 -8"><span class='ocrx_word' id='word_1_528' title='bbox 1000 1578 1227 1613; x_wconf 84' lang='lat' dir='ltr'><strong>«depravatum</strong></span> <span class='ocrx_word' id='word_1_529' title='bbox 1251 1578 1293 1604; x_wconf 90' lang='lat' dir='ltr'><strong>est</strong></span> <span class='ocrx_word' id='word_1_530' title='bbox 1311 1586 1324 1602; x_wconf 85' lang='lat'>»</span> <span class='ocrx_word' id='word_1_531' title='bbox 1351 1583 1405 1612; x_wconf 91' lang='lat' dir='ltr'><strong>per</strong></span> <span class='ocrx_word' id='word_1_532' title='bbox 1427 1583 1493 1611; x_wconf 88' lang='lat' dir='ltr'><strong>eas,</strong></span> <span class='ocrx_word' id='word_1_533' title='bbox 1523 1584 1537 1601; x_wconf 93' lang='lat'>«</span> <span class='ocrx_word' id='word_1_534' title='bbox 1559 1577 1591 1603; x_wconf 92' lang='lat' dir='ltr'><strong>ut</strong></span> <span class='ocrx_word' id='word_1_535' title='bbox 1612 1577 1785 1612; x_wconf 86' lang='lat' dir='ltr'><strong>sequeretur</strong></span> 
     </span>
     <span class='ocr_line' id='line_1_80' title="bbox 998 1623 1721 1659; baseline -0.003 -6"><span class='ocrx_word' id='word_1_536' title='bbox 998 1625 1071 1653; x_wconf 85' lang='lat' dir='ltr'><strong>deos</strong></span> <span class='ocrx_word' id='word_1_537' title='bbox 1084 1624 1208 1659; x_wconf 78' lang='lat' dir='ltr'><strong>alienos,</strong></span> <span class='ocrx_word' id='word_1_538' title='bbox 1224 1633 1237 1650; x_wconf 87' lang='lat'>»</span> <span class='ocrx_word' id='word_1_539' title='bbox 1258 1625 1286 1651; x_wconf 90' lang='lat' dir='ltr'><strong>et</strong></span> <span class='ocrx_word' id='word_1_540' title='bbox 1303 1623 1413 1650; x_wconf 85' lang='lat' dir='ltr'><strong>coleret</strong></span> <span class='ocrx_word' id='word_1_541' title='bbox 1428 1630 1490 1650; x_wconf 91' lang='lat' dir='ltr'><strong>eos.</strong></span> <span class='ocrx_word' id='word_1_542' title='bbox 1506 1623 1541 1651; x_wconf 92' lang='lat'><strong>111</strong></span> <span class='ocrx_word' id='word_1_543' title='bbox 1553 1624 1632 1658; x_wconf 67' lang='lat' dir='ltr'><strong>Req„</strong></span> <span class='ocrx_word' id='word_1_544' title='bbox 1647 1631 1680 1657; x_wconf 93' lang='lat'><strong>11,</strong></span> <span class='ocrx_word' id='word_1_545' title='bbox 1694 1625 1721 1651; x_wconf 83' lang='grc'><strong>4.</strong></span> 
     </span>
    </p>

    <p class='ocr_par' dir='ltr' id='par_1_24' title="bbox 998 1669 1785 1850">
     <span class='ocr_line' id='line_1_81' title="bbox 1034 1669 1784 1706; baseline -0.001 -7"><span class='ocrx_word' id='word_1_546' title='bbox 1034 1671 1174 1700; x_wconf 87' lang='lat' dir='ltr'><strong>Ochozias</strong></span> <span class='ocrx_word' id='word_1_547' title='bbox 1188 1678 1241 1699; x_wconf 78' lang='lat' dir='ltr'><strong>rex</strong></span> <span class='ocrx_word' id='word_1_548' title='bbox 1263 1670 1339 1698; x_wconf 89' lang='lat' dir='ltr'><strong>Juda</strong></span> <span class='ocrx_word' id='word_1_549' title='bbox 1366 1680 1380 1696; x_wconf 83' lang='lat'>«</span> <span class='ocrx_word' id='word_1_550' title='bbox 1402 1669 1551 1705; x_wconf 83' lang='lat' dir='ltr'><strong>ingressus</strong></span> <span class='ocrx_word' id='word_1_551' title='bbox 1572 1672 1613 1697; x_wconf 91' lang='lat' dir='ltr'><strong>est</strong></span> <span class='ocrx_word' id='word_1_552' title='bbox 1626 1678 1681 1706; x_wconf 92' lang='lat' dir='ltr'><strong>per</strong></span> <span class='ocrx_word' id='word_1_553' title='bbox 1703 1670 1784 1698; x_wconf 89' lang='lat' dir='ltr'><strong>viam</strong></span> 
     </span>
     <span class='ocr_line' id='line_1_82' title="bbox 999 1717 1785 1754; baseline -0.004 -6"><span class='ocrx_word' id='word_1_554' title='bbox 999 1720 1107 1748; x_wconf 86' lang='lat' dir='ltr'><strong>domus</strong></span> <span class='ocrx_word' id='word_1_555' title='bbox 1117 1719 1230 1754; x_wconf 81' lang='lat' dir='ltr'><strong>Achab,</strong></span> <span class='ocrx_word' id='word_1_556' title='bbox 1243 1728 1256 1745; x_wconf 84' lang='lat'>»</span> <span class='ocrx_word' id='word_1_557' title='bbox 1271 1726 1337 1754; x_wconf 81' lang='lat' dir='ltr'><strong>quae</strong></span> <span class='ocrx_word' id='word_1_558' title='bbox 1348 1717 1458 1746; x_wconf 88' lang='lat' dir='ltr'><strong>scilicet</strong></span> <span class='ocrx_word' id='word_1_559' title='bbox 1467 1719 1529 1745; x_wconf 86' lang='lat' dir='ltr'><strong>erat</strong></span> <span class='ocrx_word' id='word_1_560' title='bbox 1538 1717 1683 1754; x_wconf 77' lang='lat' dir='ltr'><strong>pessima3</strong></span> <span class='ocrx_word' id='word_1_561' title='bbox 1699 1726 1712 1743; x_wconf 90' lang='lat'>«</span> <span class='ocrx_word' id='word_1_562' title='bbox 1723 1725 1785 1745; x_wconf 88' lang='lat' dir='ltr'><strong>ma-</strong></span> 
     </span>
     <span class='ocr_line' id='line_1_83' title="bbox 998 1764 1784 1801; baseline -0.003 -6"><span class='ocrx_word' id='word_1_563' title='bbox 998 1768 1041 1796; x_wconf 89' lang='lat' dir='ltr'><strong>ter</strong></span> <span class='ocrx_word' id='word_1_564' title='bbox 1056 1767 1136 1795; x_wconf 91' lang='lat' dir='ltr'><strong>enim</strong></span> <span class='ocrx_word' id='word_1_565' title='bbox 1151 1767 1214 1801; x_wconf 75' lang='lat' dir='ltr'><strong>eJus</strong></span> <span class='ocrx_word' id='word_1_566' title='bbox 1225 1775 1238 1792; x_wconf 85' lang='lat'>»</span> <span class='ocrx_word' id='word_1_567' title='bbox 1257 1765 1373 1793; x_wconf 84' lang='lat' dir='ltr'><strong>Athalia</strong></span> <span class='ocrx_word' id='word_1_568' title='bbox 1391 1774 1405 1790; x_wconf 86' lang='lat'>«</span> <span class='ocrx_word' id='word_1_569' title='bbox 1418 1764 1538 1801; x_wconf 87' lang='lat' dir='ltr'><strong>impulit</strong></span> <span class='ocrx_word' id='word_1_570' title='bbox 1552 1772 1632 1799; x_wconf 90' lang='lat' dir='ltr'><strong>eum,</strong></span> <span class='ocrx_word' id='word_1_571' title='bbox 1645 1767 1678 1793; x_wconf 93' lang='lat' dir='ltr'><strong>ut</strong></span> <span class='ocrx_word' id='word_1_572' title='bbox 1693 1764 1784 1801; x_wconf 89' lang='lat' dir='ltr'><strong>impie</strong></span> 
     </span>
     <span class='ocr_line' id='line_1_84' title="bbox 999 1814 1460 1850; baseline -0.007 -8"><span class='ocrx_word' id='word_1_573' title='bbox 999 1815 1109 1850; x_wconf 83' lang='lat' dir='ltr'><strong>ageret.</strong></span> <span class='ocrx_word' id='word_1_574' title='bbox 1125 1825 1138 1840; x_wconf 91' lang='lat'>»</span> <span class='ocrx_word' id='word_1_575' title='bbox 1160 1814 1181 1842; x_wconf 89' lang='lat' dir='ltr'><strong>ll</strong></span> <span class='ocrx_word' id='word_1_576' title='bbox 1195 1814 1333 1848; x_wconf 65' lang='lat' dir='ltr'><strong>Paralip„</strong></span> <span class='ocrx_word' id='word_1_577' title='bbox 1348 1820 1419 1847; x_wconf 82' lang='lat' dir='ltr'><strong>xxn,</strong></span> <span class='ocrx_word' id='word_1_578' title='bbox 1435 1814 1460 1839; x_wconf 90' lang='lat'><strong>3.</strong></span> 
     </span>
    </p>

    <p class='ocr_par' dir='ltr' id='par_1_25' title="bbox 998 1857 1785 2036">
     <span class='ocr_line' id='line_1_85' title="bbox 1035 1857 1785 1895; baseline -0.004 -6"><span class='ocrx_word' id='word_1_579' title='bbox 1035 1860 1260 1890; x_wconf 88' lang='lat' dir='ltr'><strong>AEdificantibus</strong></span> <span class='ocrx_word' id='word_1_580' title='bbox 1280 1858 1427 1895; x_wconf 86' lang='lat' dir='ltr'><strong>templum</strong></span> <span class='ocrx_word' id='word_1_581' title='bbox 1446 1858 1554 1886; x_wconf 85' lang='lat' dir='ltr'><strong>Judaeis</strong></span> <span class='ocrx_word' id='word_1_582' title='bbox 1573 1860 1640 1895; x_wconf 88' lang='lat' dir='ltr'><strong>post</strong></span> <span class='ocrx_word' id='word_1_583' title='bbox 1653 1857 1785 1887; x_wconf 90' lang='lat' dir='ltr'><strong>reditum</strong></span> 
     </span>
     <span class='ocr_line' id='line_1_86' title="bbox 998 1906 1783 1944; baseline -0.005 -7"><span class='ocrx_word' id='word_1_584' title='bbox 998 1908 1181 1944; x_wconf 77' lang='lat' dir='ltr'><strong>Babyloniae,</strong></span> <span class='ocrx_word' id='word_1_585' title='bbox 1197 1907 1296 1935; x_wconf 87' lang='lat' dir='ltr'><strong>hostes</strong></span> <span class='ocrx_word' id='word_1_586' title='bbox 1310 1913 1415 1934; x_wconf 90' lang='lat' dir='ltr'><strong>eorum</strong></span> <span class='ocrx_word' id='word_1_587' title='bbox 1428 1906 1607 1941; x_wconf 87' lang='lat' dir='ltr'><strong>scripserunt</strong></span> <span class='ocrx_word' id='word_1_588' title='bbox 1620 1906 1783 1941; x_wconf 80' lang='lat' dir='ltr'><strong>Artaxerxi,</strong></span> 
     </span>
     <span class='ocr_line' id='line_1_87' title="bbox 999 1953 1783 1991; baseline -0.004 -7"><span class='ocrx_word' id='word_1_589' title='bbox 999 1957 1027 1984; x_wconf 90' lang='lat' dir='ltr'><strong>et</strong></span> <span class='ocrx_word' id='word_1_590' title='bbox 1048 1956 1112 1991; x_wconf 89' lang='lat' dir='ltr'><strong>ipse</strong></span> <span class='ocrx_word' id='word_1_591' title='bbox 1134 1961 1294 1990; x_wconf 90' lang='lat' dir='ltr'><strong>persuasus</strong></span> <span class='ocrx_word' id='word_1_592' title='bbox 1317 1953 1356 1982; x_wconf 87' lang='lat' dir='ltr'><strong>ab</strong></span> <span class='ocrx_word' id='word_1_593' title='bbox 1378 1953 1420 1981; x_wconf 88' lang='lat' dir='ltr'><strong>eis</strong></span> <span class='ocrx_word' id='word_1_594' title='bbox 1433 1953 1589 1989; x_wconf 90' lang='lat' dir='ltr'><strong>prohibuit</strong></span> <span class='ocrx_word' id='word_1_595' title='bbox 1608 1961 1684 1989; x_wconf 90' lang='lat' dir='ltr'><strong>opus</strong></span> <span class='ocrx_word' id='word_1_596' title='bbox 1707 1953 1783 1981; x_wconf 87' lang='lat' dir='ltr'><strong>fieri.</strong></span> 
     </span>
     <span class='ocr_line' id='line_1_88' title="bbox 999 2003 1163 2036; baseline -0.006 -5"><span class='ocrx_word' id='word_1_597' title='bbox 999 2003 1104 2036; x_wconf 79' lang='lat' dir='ltr'><strong>lEsdr,</strong></span> <span class='ocrx_word' id='word_1_598' title='bbox 1122 2010 1163 2030; x_wconf 81' lang='grc' dir='ltr'><strong>ιν.</strong></span> 
     </span>
    </p>

    <p class='ocr_par' dir='ltr' id='par_1_26' title="bbox 999 2048 1785 2272">
     <span class='ocr_line' id='line_1_89' title="bbox 1035 2048 1783 2084; baseline -0.001 -6"><span class='ocrx_word' id='word_1_599' title='bbox 1035 2050 1128 2078; x_wconf 85' lang='lat' dir='ltr'><strong>Amici</strong></span> <span class='ocrx_word' id='word_1_600' title='bbox 1140 2051 1235 2077; x_wconf 86' lang='lat' dir='ltr'><strong>Aman</strong></span> <span class='ocrx_word' id='word_1_601' title='bbox 1246 2048 1400 2077; x_wconf 82' lang='lat' dir='ltr'><strong>audientes</strong></span> <span class='ocrx_word' id='word_1_602' title='bbox 1414 2055 1482 2075; x_wconf 88' lang='lat' dir='ltr'><strong>eum</strong></span> <span class='ocrx_word' id='word_1_603' title='bbox 1498 2050 1731 2084; x_wconf 84' lang='lat' dir='ltr'><strong>conquerentem</strong></span> <span class='ocrx_word' id='word_1_604' title='bbox 1746 2049 1783 2078; x_wconf 85' lang='lat' dir='ltr'><strong>de</strong></span> 
     </span>
     <span class='ocr_line' id='line_1_90' title="bbox 999 2095 1784 2132; baseline -0.001 -7"><span class='ocrx_word' id='word_1_605' title='bbox 999 2096 1197 2131; x_wconf 87' lang='lat' dir='ltr'><strong>Mardochaeo,</strong></span> <span class='ocrx_word' id='word_1_606' title='bbox 1208 2095 1259 2132; x_wconf 86' lang='lat' dir='ltr'><strong>qui</strong></span> <span class='ocrx_word' id='word_1_607' title='bbox 1275 2095 1301 2123; x_wconf 90' lang='lat' dir='ltr'><strong>ei</strong></span> <span class='ocrx_word' id='word_1_608' title='bbox 1315 2102 1415 2130; x_wconf 86' lang='lat' dir='ltr'><strong>genua</strong></span> <span class='ocrx_word' id='word_1_609' title='bbox 1426 2102 1488 2122; x_wconf 91' lang='lat' dir='ltr'><strong>non</strong></span> <span class='ocrx_word' id='word_1_610' title='bbox 1502 2095 1649 2131; x_wconf 86' lang='lat' dir='ltr'><strong>flectebat,</strong></span> <span class='ocrx_word' id='word_1_611' title='bbox 1663 2103 1784 2132; x_wconf 86' lang='lat' dir='ltr'><strong>respon-</strong></span> 
     </span>
     <span class='ocr_line' id='line_1_91' title="bbox 1000 2141 1785 2178; baseline 0 -6"><span class='ocrx_word' id='word_1_612' title='bbox 1000 2144 1107 2172; x_wconf 93' lang='lat' dir='ltr'><strong>derunt</strong></span> <span class='ocrx_word' id='word_1_613' title='bbox 1132 2152 1139 2172; x_wconf 89' lang='lat'>:</span> <span class='ocrx_word' id='word_1_614' title='bbox 1168 2152 1182 2170; x_wconf 88' lang='lat'>«</span> <span class='ocrx_word' id='word_1_615' title='bbox 1204 2142 1279 2170; x_wconf 84' lang='lat' dir='ltr'><strong>Jube</strong></span> <span class='ocrx_word' id='word_1_616' title='bbox 1304 2141 1404 2178; x_wconf 88' lang='lat' dir='ltr'><strong>parari</strong></span> <span class='ocrx_word' id='word_1_617' title='bbox 1431 2141 1580 2170; x_wconf 82' lang='lat' dir='ltr'><strong>excelsam</strong></span> <span class='ocrx_word' id='word_1_618' title='bbox 1602 2142 1733 2178; x_wconf 81' lang='lat' dir='ltr'><strong>trabem,</strong></span> <span class='ocrx_word' id='word_1_619' title='bbox 1756 2145 1785 2172; x_wconf 88' lang='lat' dir='ltr'><strong>et</strong></span> 
     </span>
     <span class='ocr_line' id='line_1_92' title="bbox 999 2188 1784 2226; baseline -0.001 -7"><span class='ocrx_word' id='word_1_620' title='bbox 999 2199 1087 2219; x_wconf 87' lang='lat' dir='ltr'><strong>mane</strong></span> <span class='ocrx_word' id='word_1_621' title='bbox 1099 2190 1146 2218; x_wconf 88' lang='lat' dir='ltr'><strong>dic</strong></span> <span class='ocrx_word' id='word_1_622' title='bbox 1158 2189 1230 2225; x_wconf 81' lang='lat' dir='ltr'><strong>regi,</strong></span> <span class='ocrx_word' id='word_1_623' title='bbox 1244 2190 1276 2217; x_wconf 90' lang='lat' dir='ltr'><strong>ut</strong></span> <span class='ocrx_word' id='word_1_624' title='bbox 1288 2188 1475 2225; x_wconf 85' lang='lat' dir='ltr'><strong>appendatur</strong></span> <span class='ocrx_word' id='word_1_625' title='bbox 1484 2189 1685 2218; x_wconf 84' lang='lat' dir='ltr'><strong>Mardochaeus</strong></span> <span class='ocrx_word' id='word_1_626' title='bbox 1694 2198 1784 2226; x_wconf 88' lang='lat' dir='ltr'><strong>super</strong></span> 
     </span>
     <span class='ocr_line' id='line_1_93' title="bbox 1001 2238 1334 2272; baseline -0.009 -5"><span class='ocrx_word' id='word_1_627' title='bbox 1001 2247 1077 2267; x_wconf 89' lang='lat' dir='ltr'><strong>eam.</strong></span> <span class='ocrx_word' id='word_1_628' title='bbox 1093 2249 1107 2265; x_wconf 73' lang='lat' dir='ltr'>n</span> <span class='ocrx_word' id='word_1_629' title='bbox 1120 2238 1228 2270; x_wconf 77' lang='lat' dir='ltr'><strong>Esther,</strong></span> <span class='ocrx_word' id='word_1_630' title='bbox 1243 2245 1271 2272; x_wconf 80' lang='lat' dir='ltr'><strong>v,</strong></span> <span class='ocrx_word' id='word_1_631' title='bbox 1290 2239 1334 2265; x_wconf 76' lang='lat'><strong>14.</strong></span> 
     </span>
    </p>

    <p class='ocr_par' dir='ltr' id='par_1_27' title="bbox 1000 2283 1784 2415">
     <span class='ocr_line' id='line_1_94' title="bbox 1038 2283 1784 2320; baseline -0.001 -6"><span class='ocrx_word' id='word_1_632' title='bbox 1038 2286 1163 2315; x_wconf 85' lang='lat' dir='ltr'><strong>Stultum</strong></span> <span class='ocrx_word' id='word_1_633' title='bbox 1189 2284 1349 2312; x_wconf 86' lang='lat' dir='ltr'><strong>consilium</strong></span> <span class='ocrx_word' id='word_1_634' title='bbox 1374 2291 1451 2312; x_wconf 81' lang='lat' dir='ltr'><strong>uxor</strong></span> <span class='ocrx_word' id='word_1_635' title='bbox 1480 2283 1535 2312; x_wconf 87' lang='lat' dir='ltr'><strong>Joh</strong></span> <span class='ocrx_word' id='word_1_636' title='bbox 1561 2283 1644 2312; x_wconf 86' lang='lat' dir='ltr'><strong>dedit</strong></span> <span class='ocrx_word' id='word_1_637' title='bbox 1666 2284 1693 2312; x_wconf 90' lang='lat' dir='ltr'><strong>ei</strong></span> <span class='ocrx_word' id='word_1_638' title='bbox 1699 2294 1708 2320; x_wconf 89' lang='lat'>;</span> <span class='ocrx_word' id='word_1_639' title='bbox 1730 2285 1784 2313; x_wconf 89' lang='lat' dir='ltr'><strong>sed</strong></span> 
     </span>
     <span class='ocr_line' id='line_1_95' title="bbox 1000 2331 1783 2369; baseline -0.003 -7"><span class='ocrx_word' id='word_1_640' title='bbox 1000 2334 1065 2368; x_wconf 84' lang='lat' dir='ltr'><strong>ille,</strong></span> <span class='ocrx_word' id='word_1_641' title='bbox 1082 2335 1226 2369; x_wconf 87' lang='lat' dir='ltr'><strong>tanquam</strong></span> <span class='ocrx_word' id='word_1_642' title='bbox 1245 2331 1379 2368; x_wconf 91' lang='lat' dir='ltr'><strong>prudens</strong></span> <span class='ocrx_word' id='word_1_643' title='bbox 1401 2333 1428 2359; x_wconf 91' lang='lat' dir='ltr'><strong>et</strong></span> <span class='ocrx_word' id='word_1_644' title='bbox 1455 2332 1573 2359; x_wconf 89' lang='lat' dir='ltr'><strong>sanctus</strong></span> <span class='ocrx_word' id='word_1_645' title='bbox 1599 2331 1710 2366; x_wconf 89' lang='lat' dir='ltr'><strong>homo,</strong></span> <span class='ocrx_word' id='word_1_646' title='bbox 1733 2331 1783 2360; x_wconf 84' lang='lat' dir='ltr'><strong>tali</strong></span> 
     </span>
     <span class='ocr_line' id='line_1_96' title="bbox 1001 2378 1497 2415; baseline -0.006 -6"><span class='ocrx_word' id='word_1_647' title='bbox 1001 2380 1126 2409; x_wconf 92' lang='lat' dir='ltr'><strong>consilio</strong></span> <span class='ocrx_word' id='word_1_648' title='bbox 1142 2387 1204 2408; x_wconf 89' lang='lat' dir='ltr'><strong>non</strong></span> <span class='ocrx_word' id='word_1_649' title='bbox 1219 2378 1380 2415; x_wconf 86' lang='lat' dir='ltr'><strong>acquievit.</strong></span> <span class='ocrx_word' id='word_1_650' title='bbox 1395 2379 1452 2411; x_wconf 79' lang='lat' dir='ltr'><strong>Job,</strong></span> <span class='ocrx_word' id='word_1_651' title='bbox 1465 2386 1497 2406; x_wconf 89' lang='lat'><strong>11.</strong></span> 
     </span>
    </p>

    <p class='ocr_par' dir='ltr' id='par_1_28' title="bbox 1000 2426 1793 2510">
     <span class='ocr_line' id='line_1_97' title="bbox 1041 2426 1793 2465; baseline 0 -10"><span class='ocrx_word' id='word_1_652' title='bbox 1041 2438 1055 2455; x_wconf 87' lang='lat'>«</span> <span class='ocrx_word' id='word_1_653' title='bbox 1074 2428 1223 2465; x_wconf 85' lang='lat' dir='ltr'><strong>Sapientes</strong></span> <span class='ocrx_word' id='word_1_654' title='bbox 1248 2426 1410 2454; x_wconf 87' lang='lat' dir='ltr'><strong>consiliarii</strong></span> <span class='ocrx_word' id='word_1_655' title='bbox 1435 2436 1448 2452; x_wconf 83' lang='lat'>»</span> <span class='ocrx_word' id='word_1_656' title='bbox 1472 2426 1633 2454; x_wconf 86' lang='lat' dir='ltr'><strong>Pharaonis</strong></span> <span class='ocrx_word' id='word_1_657' title='bbox 1655 2437 1668 2452; x_wconf 81' lang='grc' dir='ltr'><strong>ιι</strong></span> <span class='ocrx_word' id='word_1_658' title='bbox 1691 2426 1793 2455; x_wconf 76' lang='lat' dir='ltr'><strong>dede-‘</strong></span> 
     </span>
     <span class='ocr_line' id='line_1_98' title="bbox 1000 2473 1660 2510; baseline -0.006 -5"><span class='ocrx_word' id='word_1_659' title='bbox 1000 2477 1070 2505; x_wconf 84' lang='lat' dir='ltr'><strong>runt</strong></span> <span class='ocrx_word' id='word_1_660' title='bbox 1084 2475 1241 2504; x_wconf 82' lang='lat' dir='ltr'><strong>consilium</strong></span> <span class='ocrx_word' id='word_1_661' title='bbox 1257 2473 1410 2510; x_wconf 88' lang='lat' dir='ltr'><strong>insipiens.</strong></span> <span class='ocrx_word' id='word_1_662' title='bbox 1425 2483 1437 2498; x_wconf 68' lang='lat' dir='ltr'><strong>n</strong></span> <span class='ocrx_word' id='word_1_663' title='bbox 1450 2474 1517 2505; x_wconf 84' lang='lat' dir='ltr'><strong>Isa.,</strong></span> <span class='ocrx_word' id='word_1_664' title='bbox 1538 2481 1599 2507; x_wconf 76' lang='lat' dir='ltr'><strong>xix,</strong></span> <span class='ocrx_word' id='word_1_665' title='bbox 1616 2474 1660 2501; x_wconf 83' lang='lat'><strong>11.</strong></span> 
     </span>
    </p>

    <p class='ocr_par' dir='ltr' id='par_1_29' title="bbox 1001 2519 1784 2750">
     <span class='ocr_line' id='line_1_99' title="bbox 1037 2519 1783 2557; baseline -0.005 -6"><span class='ocrx_word' id='word_1_666' title='bbox 1037 2523 1111 2557; x_wconf 82' lang='lat' dir='ltr'><strong>Quia</strong></span> <span class='ocrx_word' id='word_1_667' title='bbox 1144 2521 1302 2550; x_wconf 78' lang='lat' dir='ltr'><strong>Hieremias</strong></span> <span class='ocrx_word' id='word_1_668' title='bbox 1338 2520 1538 2556; x_wconf 83' lang='lat' dir='ltr'><strong>prophetabat</strong></span> <span class='ocrx_word' id='word_1_669' title='bbox 1573 2519 1783 2556; x_wconf 84' lang='lat' dir='ltr'><strong>captivandam</strong></span> 
     </span>
     <span class='ocr_line' id='line_1_100' title="bbox 1002 2567 1784 2602; baseline -0.004 -3"><span class='ocrx_word' id='word_1_670' title='bbox 1002 2579 1064 2599; x_wconf 89' lang='lat' dir='ltr'><strong>esse</strong></span> <span class='ocrx_word' id='word_1_671' title='bbox 1080 2570 1227 2598; x_wconf 86' lang='lat' dir='ltr'><strong>civitatem</strong></span> <span class='ocrx_word' id='word_1_672' title='bbox 1241 2568 1423 2597; x_wconf 82' lang='lat' dir='ltr'><strong>Hierusalem</strong></span> <span class='ocrx_word' id='word_1_673' title='bbox 1433 2576 1451 2596; x_wconf 89' lang='lat' dir='ltr'><strong>a</strong></span> <span class='ocrx_word' id='word_1_674' title='bbox 1465 2567 1609 2596; x_wconf 86' lang='lat' dir='ltr'><strong>Chaldaeis</strong></span> <span class='ocrx_word' id='word_1_675' title='bbox 1619 2589 1629 2602; x_wconf 93' lang='lat'><strong>,</strong></span> <span class='ocrx_word' id='word_1_676' title='bbox 1645 2567 1784 2596; x_wconf 86' lang='lat' dir='ltr'><strong>dixerunt</strong></span> 
     </span>
     <span class='ocr_line' id='line_1_101' title="bbox 1001 2614 1784 2655; baseline -0.011 -8"><span class='ocrx_word' id='word_1_677' title='bbox 1001 2619 1150 2655; x_wconf 88' lang='lat' dir='ltr'><strong>principes</strong></span> <span class='ocrx_word' id='word_1_678' title='bbox 1172 2615 1278 2653; x_wconf 88' lang='lat' dir='ltr'><strong>populi</strong></span> <span class='ocrx_word' id='word_1_679' title='bbox 1298 2615 1426 2643; x_wconf 85' lang='lat' dir='ltr'><strong>Sedeciae</strong></span> <span class='ocrx_word' id='word_1_680' title='bbox 1450 2614 1513 2649; x_wconf 85' lang='lat' dir='ltr'><strong>regi</strong></span> <span class='ocrx_word' id='word_1_681' title='bbox 1528 2614 1626 2642; x_wconf 85' lang='lat' dir='ltr'><strong>Juda:</strong></span> <span class='ocrx_word' id='word_1_682' title='bbox 1654 2624 1667 2639; x_wconf 93' lang='lat'>«</span> <span class='ocrx_word' id='word_1_683' title='bbox 1688 2616 1784 2650; x_wconf 80' lang='lat' dir='ltr'><strong>Roga.</strong></span> 
     </span>
     <span class='ocr_line' id='line_1_102' title="bbox 1001 2660 1782 2700; baseline -0.005 -6"><span class='ocrx_word' id='word_1_684' title='bbox 1001 2674 1086 2700; x_wconf 88' lang='lat' dir='ltr'><strong>mus,</strong></span> <span class='ocrx_word' id='word_1_685' title='bbox 1106 2666 1139 2693; x_wconf 87' lang='lat' dir='ltr'><strong>ut</strong></span> <span class='ocrx_word' id='word_1_686' title='bbox 1156 2663 1309 2693; x_wconf 85' lang='lat' dir='ltr'><strong>occidatur</strong></span> <span class='ocrx_word' id='word_1_687' title='bbox 1326 2662 1419 2690; x_wconf 89' lang='lat' dir='ltr'><strong>homo</strong></span> <span class='ocrx_word' id='word_1_688' title='bbox 1439 2660 1507 2697; x_wconf 78' lang='lat' dir='ltr'><strong>iste3</strong></span> <span class='ocrx_word' id='word_1_689' title='bbox 1524 2670 1538 2688; x_wconf 68' lang='lat' dir='ltr'><strong>n</strong></span> <span class='ocrx_word' id='word_1_690' title='bbox 1556 2661 1608 2698; x_wconf 80' lang='lat' dir='ltr'><strong>qui</strong></span> <span class='ocrx_word' id='word_1_691' title='bbox 1629 2661 1715 2690; x_wconf 87' lang='lat' dir='ltr'><strong>stulte</strong></span> <span class='ocrx_word' id='word_1_692' title='bbox 1733 2669 1782 2690; x_wconf 82' lang='lat' dir='ltr'><strong>ac-</strong></span> 
     </span>
     <span class='ocr_line' id='line_1_103' title="bbox 1003 2708 1781 2750; baseline -0.004 -10"><span class='ocrx_word' id='word_1_693' title='bbox 1003 2713 1171 2750; x_wconf 84' lang='lat' dir='ltr'><strong>quiescens,</strong></span> <span class='ocrx_word' id='word_1_694' title='bbox 1187 2709 1342 2746; x_wconf 74' lang='lat' dir='ltr'><strong>respondit</strong></span> <span class='ocrx_word' id='word_1_695' title='bbox 1356 2708 1396 2737; x_wconf 84' lang='lat' dir='ltr'><strong>eis</strong></span> <span class='ocrx_word' id='word_1_696' title='bbox 1411 2717 1418 2736; x_wconf 86' lang='grc'>;</span> <span class='ocrx_word' id='word_1_697' title='bbox 1443 2718 1458 2734; x_wconf 80' lang='grc' dir='ltr'><strong>α</strong></span> <span class='ocrx_word' id='word_1_698' title='bbox 1473 2709 1544 2736; x_wconf 88' lang='lat' dir='ltr'><strong>Ecce</strong></span> <span class='ocrx_word' id='word_1_699' title='bbox 1563 2708 1626 2744; x_wconf 84' lang='lat' dir='ltr'><strong>ipse</strong></span> <span class='ocrx_word' id='word_1_700' title='bbox 1640 2709 1672 2737; x_wconf 91' lang='lat' dir='ltr'><strong>in</strong></span> <span class='ocrx_word' id='word_1_701' title='bbox 1686 2708 1781 2738; x_wconf 69' lang='lat' dir='ltr'><strong>mani&lt;</strong></span> 
     </span>
    </p>
   </div>
  </div>
 </body>
</html>
