2004 3037
431 289 480 321 DE
501 286 739 321 VIRTUTIBUS
761 286 1018 319 THEOLOGICIS
1042 287 1090 319 ΕΤ
1113 288 1415 322 CARDINALIBUS.
1437 289 1522 322 CAP.
1548 290 1598 322 lv.

209 358 284 387 siam
297 357 366 386 facit
379 358 520 386 sanctam.
541 357 574 384 Et
591 355 643 383 iste
658 357 701 383 est
714 355 828 391 primus
843 355 988 383 articulus

209 405 261 442 qui
275 405 401 441 pertinet
420 403 459 432 ad
477 402 617 440 Spiritum
636 403 780 430 sanctum.
803 404 834 430 Et
853 404 921 430 sunt
935 402 988 431 tria

208 452 239 480 in
258 451 392 488 praesenti
414 449 590 487 pertinentia
611 449 651 477 ad
672 449 811 485 Spiritum
833 451 987 485 sanctum,

209 501 237 527 et
251 498 311 526 duo
325 497 357 526 in
369 497 476 525 futuro.
495 496 624 524 Primum
635 517 644 530 ,
661 496 744 532 quod
757 496 796 524 ad
811 496 909 532 ipsum
922 504 987 533 pcr-

208 545 280 574 tinet
292 545 323 573 in
339 543 491 581 praesenti,
507 545 549 571 est
563 542 767 571 sanctificatio,
784 545 857 571 Nam
871 543 987 579 primus

209 592 271 628 ejus
290 591 450 626 articulus,
469 591 502 618 ut
524 590 673 624 diximus,
696 590 778 618 Credo
800 591 830 617 in
849 590 987 626 Spiritum

207 640 350 673 sanctum,
380 640 404 666 et
426 639 546 665 sanctam
571 638 728 665 Ecclesiam.
754 637 850 665 Credo
862 658 870 672 ,
902 637 987 673 quod

208 683 330 720 Spiritus
351 686 489 719 sanctus,
515 684 567 720 qui
590 684 621 712 in
644 692 674 712 se
698 686 815 712 sanctus
837 685 897 719 est,
922 684 985 720 ipse

206 731 369 759 sanctificat
381 731 541 759 Ecclesiam
550 752 559 765 ,
573 739 627 766 per
642 731 767 766 gratiam
782 732 811 758 et
822 730 985 759 bonitatem

207 785 309 813 suam,
326 778 397 814 quia
411 778 473 814 ipse
488 778 606 806 bonitas
622 780 672 806 est.

242 826 401 853 MAT‘rnAEus
413 825 506 853 dixit:
523 826 682 853 Sanctorum
696 826 913 852 communionem.
931 825 984 853 Istc

207 872 347 900 articulus
360 872 487 908 pertinet
501 872 531 899 in
545 871 679 908 praesenti
694 871 733 899 ad
748 871 887 907 Spiritum
901 879 986 899 sanc-

207 920 270 946 tum
283 928 289 947 :
311 919 382 955 quia
396 919 519 955 Spiritus
533 921 650 946 sanctus
671 918 795 954 pertinet
809 919 848 946 ad
863 920 984 947 Sancto-

161 982 164 986 ι
205 974 272 993 rum
285 966 542 1000 communionem,
559 966 586 993 id
602 967 660 1000 est,
675 966 818 993 unionem
832 967 984 994 membro-

205 1020 272 1040 rum
285 1013 318 1040 in
332 1021 457 1049 corpore
472 1012 607 1040 Ecclesiae
628 1012 667 1040 ad
690 1015 796 1049 caput,
821 1013 930 1041 scilicet
945 1014 984 1042 ad

205 1059 349 1088 Christum
360 1081 368 1094 ‚
386 1061 413 1087 et
427 1059 485 1087 alia
500 1059 634 1087 membra
649 1059 680 1086 in
695 1067 820 1096 corpore
835 1061 982 1095 naturali,

204 1107 236 1135 id
251 1109 309 1142 est,
325 1107 460 1135 fidelium
478 1108 517 1135 ad
536 1107 672 1135 invicem.
696 1108 774 1135 Sicut
795 1108 912 1144 spiritus
927 1109 983 1137 bo-

204 1162 260 1182 nus
274 1154 338 1182 unit
351 1155 488 1182 membra
506 1155 537 1182 in
552 1162 677 1190 corpore
692 1154 818 1182 naturali
833 1164 840 1182 :
863 1155 904 1182 sic
919 1156 983 1191 Spi-

204 1201 277 1229 ritus
296 1206 413 1229 sanctus
431 1202 496 1229 unit
515 1201 651 1230 membra
669 1201 849 1238 spiritualia,
873 1202 983 1230 scilicet

204 1247 307 1275 fideles
319 1248 351 1276 in
368 1257 492 1285 corpore
510 1249 635 1285 mystico
647 1270 656 1283 ,
678 1249 761 1285 quod
780 1251 822 1277 est
842 1250 979 1277 Ecclesia.

206 1295 285 1323 Unde
299 1295 402 1323 sensus
420 1296 508 1332 hujus
523 1296 638 1324 articuli
660 1299 722 1324 est:
745 1297 839 1324 Credo
860 1297 981 1325 Sancto-

202 1349 270 1370 rum
283 1343 540 1378 communionem,
554 1343 586 1370 id
601 1345 659 1377 est,
676 1343 765 1371 credo
782 1344 865 1380 quod
877 1345 981 1379 sancti,

203 1389 234 1416 id
255 1391 297 1417 est
316 1389 421 1417 fideles
433 1410 441 1424 ,
461 1392 605 1426 tanquam
625 1390 711 1418 unius
731 1391 866 1426 corporis
884 1391 982 1419 Eccle-

204 1436 253 1464 siae
270 1436 407 1464 membra
420 1458 427 1470 ‚
450 1437 689 1471 communicant,
711 1437 742 1464 id
758 1439 817 1471 cst,
837 1438 982 1466 uniuntur

203 1483 280 1517 sibi,
301 1484 329 1510 et
347 1483 434 1519 capiti
453 1492 506 1511 suo
518 1506 526 1518 ,
551 1486 579 1511 et
599 1485 656 1512 hoc
671 1492 724 1520 per
739 1485 879 1520 Spiritum
894 1493 979 1513 sanc-

202 1530 276 1557 tum.
292 1531 325 1557 Et
336 1532 407 1557 nota
421 1530 505 1566 quod
517 1531 622 1567 triplex
636 1533 677 1558 est
693 1532 875 1566 communio,
890 1540 981 1568 quam

202 1576 305 1604 fideles
333 1577 443 1604 debent
464 1577 574 1605 habere
604 1578 642 1605 ad
670 1578 797 1606 invicem
809 1600 817 1613 ,
848 1579 957 1607 scilicet
973 1589 979 1607 :

203 1624 445 1651 communionem
473 1625 560 1652 unius
589 1625 740 1661 corporis,
772 1626 844 1661 quia
871 1626 982 1655 faciunt

202 1678 296 1698 unum
311 1679 419 1707 corpus
429 1681 437 1706 3
460 1673 488 1698 et
505 1672 748 1700 communionem
764 1673 909 1701 societatis
920 1695 928 1708 ,
945 1682 979 1701 ex

202 1725 262 1753 qua
276 1717 413 1745 societate
433 1718 531 1753 venit,
555 1719 638 1754 quod
652 1719 793 1755 quilibet,
818 1720 869 1756 qui
885 1723 927 1748 est
942 1721 979 1749 de

202 1772 327 1800 corpore
351 1765 503 1800 Ecclesiae,
533 1768 647 1801 partem
671 1766 762 1794 habet
785 1767 816 1794 in
840 1767 980 1796 omnibus

201 1811 289 1838 bonis
300 1832 308 1846 ‚
325 1820 391 1847 quae
405 1812 480 1840 fiunt
493 1813 524 1840 in
538 1812 667 1840 Ecclesia
678 1823 685 1848 3
708 1813 792 1841 tertia
807 1816 979 1843 communio

202 1859 244 1885 est
257 1860 367 1886 mutua.²
381 1859 623 1895 supportationis,
640 1860 711 1896 quia
721 1868 798 1888 unus
810 1861 898 1889 debet
909 1870 979 1898 sup-

200 1906 318 1938 portare
335 1912 410 1932 onus
425 1905 555 1940 alterius,
571 1906 681 1934 scilicet
694 1907 785 1942 mala,
801 1916 854 1943 per
866 1908 978 1943 patien-

200 1949 289 1984 tiam,
310 1952 338 1978 et
356 1952 438 1980 bona
457 1953 678 1981 communicare
697 1962 750 1989 per
771 1954 977 1991 elcemosyna-

200 2003 266 2024 rum
280 1996 479 2032 largitionem.
502 1999 582 2026 Unde
601 2000 706 2028 dicitur
720 2001 746 2028 ¹:
771 2001 849 2028 Alter
863 2003 977 2030 alterius

199 2051 280 2070 onera
292 2046 411 2078 portare.

235 2090 322 2118 Smou
337 2090 430 2118 dixit.-
455 2093 646 2120 Remissionem
658 2096 845 2128 peccatorum,
867 2095 976 2123 scilicet

198 2136 298 2165 credo.
315 2138 367 2164 Iste
380 2140 422 2165 est
434 2138 533 2165 tertius
546 2139 685 2166 articulus
699 2140 847 2175 pertinens
862 2142 901 2169 ad
914 2142 976 2178 Spi-

197 2183 287 2210 ritum
311 2186 456 2211 sanctum.
479 2186 531 2213 Per
555 2185 694 2221 Spiritum
718 2190 852 2215 sanctum
874 2188 972 2224 enim,

198 2230 250 2265 qui
265 2232 307 2257 est
320 2230 487 2266 benignitas
501 2232 565 2268 ipsa
575 2252 584 2265 ,
607 2232 637 2259 in
659 2233 808 2268 baptismo
824 2236 851 2261 et
865 2234 895 2262 in
910 2243 973 2270 poe-

196 2277 318 2304 nitentia
340 2278 527 2305 remittuntur
552 2281 682 2314 peccata.
712 2282 744 2308 Et
772 2283 841 2308 nota
853 2303 860 2315 ‚
892 2283 974 2318 quod

196 2326 317 2359 peccata
335 2324 530 2358 remittuntur,
550 2325 687 2354 lavantur
703 2329 730 2354 et
744 2327 904 2355 tolluntur:
926 2337 973 2356 re-

196 2370 349 2398 mittuntur
363 2374 508 2407 quantum
521 2372 559 2399 ad
573 2373 693 2408 culpam
704 2383 711 2408 3
728 2374 865 2402 lavantur
881 2383 974 2411 quan-

197 2418 260 2444 tum
278 2417 317 2444 ad
335 2418 502 2453 maeulam3
528 2419 673 2447 tolluntur
694 2423 840 2456 quantum
856 2422 894 2449 ad
909 2431 972 2458 pce-

197 2470 276 2491 nam.

231 2511 314 2538 Jums
335 2519 488 2539 rnAnDAEus
509 2512 601 2540 dixit:
624 2514 719 2541 Carnis
738 2518 969 2544 resurrectionem.

197 2556 248 2583 Iste
265 2559 306 2583 est
320 2560 441 2593 quartus
458 2559 597 2586 articulus
616 2561 763 2596 pertinens
779 2562 817 2589 ad
833 2563 971 2599 Spiritum

196 2604 328 2630 sanctum
342 2603 373 2630 in
392 2604 489 2632 futuro
501 2627 509 2640 ,
534 2608 678 2641 quantum
697 2608 736 2635 ad
755 2611 970 2637 remuneratio-

195 2656 264 2676 nem
279 2651 420 2685 corporis
441 2653 472 2679 Et
486 2653 556 2680 nota
566 2675 574 2687 ,
592 2654 675 2689 quod
690 2654 721 2682 in
736 2656 854 2684 servitio
871 2657 947 2692 regis
960 2679 969 2692 ,

230 2712 313 2743 ἰῶκά,
330 2718 363 2741 vi,
379 2714 443 2735 2.-
457 2715 466 2730 ²
482 2715 546 2744 Luc,
563 2722 618 2746 xv1,
635 2717 969 2749 24.—³Jorm.,1x,t.—

196 2748 202 2762 ⁴
226 2748 327 2779 Matth„
351 2754 411 2779 xxV,
438 2750 451 2774 8
478 2750 504 2773 et
525 2758 579 2782 seq.
604 2765 633 2770 —
658 2753 668 2769 ⁸
691 2753 791 2784 Mami„
816 2761 856 2786 vt,
882 2757 919 2782 33.
940 2771 965 2774 —

1763 292 1822 322 299

1044 356 1098 393 qui
1116 357 1213 393 potest
1233 357 1358 386 reddere
1370 378 1380 392 ,
1399 357 1448 386 vel
1470 358 1622 386 restituere
1646 365 1776 395 equum,
1798 359 1822 388 si

1045 403 1196 440 continget
1215 412 1283 433 eum
1299 407 1376 433 mori
1390 404 1422 432 in
1436 404 1536 440 bello,
1558 406 1656 442 potest
1672 405 1757 434 miles
1777 414 1823 434 se·

1044 458 1112 479 cure
1128 459 1276 488 exponere
1293 460 1361 480 eum
1375 460 1431 488 pro
1447 451 1511 488 ipso
1526 460 1596 488 rege
1612 454 1640 480 et
1654 452 1730 481 duce
1744 461 1799 482 suo
1813 462 1821 482 ε

1043 497 1084 525 sic
1107 505 1162 526 nos
1182 506 1294 535 equum
1316 500 1471 533 nostrum,
1490 498 1522 526 id
1542 501 1603 533 est,
1625 507 1732 536 corpus
1752 508 1822 536 pro-

1042 544 1157 580 prium,
1173 554 1274 574 secure
1289 553 1448 582 possumus
1463 553 1612 582 exponere
1627 554 1682 582 pro
1697 547 1820 582 Christo,

1043 592 1114 628 quia
1127 592 1190 629 ipse
1204 594 1300 629 potest
1314 601 1426 629 equum
1440 592 1578 627 reddere,
1594 592 1626 620 id
1639 594 1697 628 cst,
1713 601 1822 630 corpus

1041 638 1191 667 restituere
1202 660 1211 674 ,
1227 639 1259 667 id
1275 641 1317 668 est
1327 661 1335 675 ,
1351 639 1534 667 resuscitare.

1077 687 1223 715 Murrius
1246 686 1340 714 dixit:
1367 688 1461 715 Vitam
1483 689 1622 714 (eternam.
1644 687 1741 714 Amen.
1767 688 1822 715 Iste

1041 732 1122 760 enim
1136 735 1178 761 est
1193 733 1313 770 quintus
1326 735 1353 761 et
1368 733 1489 761 ultimus
1505 733 1656 768 artic-ultffi,
1672 734 1823 769 pertinens

1041 780 1080 807 ad
1100 780 1240 815 Spiritum
1263 783 1397 808 sanctum
1418 781 1449 808 in
1468 780 1587 814 futuro,
1614 783 1759 816 quantum
1783 781 1823 810 ad

1040 828 1311 855 remunerationem
1331 828 1437 856 animae
1449 849 1457 863 ,
1479 827 1528 855 vel
1547 827 1636 855 etiam
1656 827 1820 864 utriusque.

1040 875 1073 901 Et
1089 876 1180 909 nota,
1203 875 1286 910 quod
1307 875 1379 911 quia
1400 875 1424 902 si
1444 874 1586 902 sollicitus
1610 877 1652 902 est
1671 875 1763 902 homo
1783 875 1822 903 ad

1039 921 1262 956 providendum
1293 921 1361 949 huic
1390 921 1504 949 miserae
1528 921 1595 949 vitae
1623 921 1799 950 transitoriae
1811 944 1820 957 ‚

1039 967 1134 995 multo
1149 968 1244 1003 magis
1259 968 1348 996 debet
1369 976 1431 996 esse
1446 968 1589 996 sollicitus
1605 968 1644 996 ad
1659 968 1822 1004 providen-

1039 1015 1112 1042 dum
1126 1015 1169 1042 illi
1184 1015 1250 1043 vitae
1261 1036 1270 1049 ,
1289 1024 1355 1051 quae
1370 1023 1526 1051 nunquam
1541 1015 1648 1051 poterit
1664 1015 1756 1043 finem
1770 1016 1822 1044 ha-

1038 1062 1119 1089 bere.
1144 1058 1225 1090 Unde
1249 1062 1402 1090 sciendum
1419 1064 1461 1090 est
1473 1083 1482 1097 ‚
1506 1062 1589 1098 quod
1608 1062 1703 1090 tribus
1721 1062 1820 1090 modis

1037 1109 1213 1144 providetur
1233 1109 1303 1137 huic
1322 1109 1479 1146 temporali
1498 1109 1565 1137 vitre
1577 1131 1585 1144 ,
1608 1109 1718 1137 scilicet
1737 1117 1820 1138 men-

1039 1155 1188 1191 dicando,
1209 1156 1378 1184 laborando
1391 1177 1399 1191 ,
1419 1158 1448 1184 et
1469 1158 1608 1184 mutuum
1631 1156 1816 1193 accipiendo.

1039 1203 1081 1231 ibi
1096 1204 1175 1231 enim
1189 1212 1251 1231 non
1266 1205 1309 1232 cst
1322 1195 1405 1231 locus
1418 1203 1630 1238 mendicandi,
1650 1204 1724 1232 sicut
1737 1205 1818 1240 patet

1039 1250 1075 1278 de
1090 1250 1178 1278 divite
1199 1251 1348 1287 epulone,
1371 1251 1424 1286 qui
1442 1250 1537 1278 voluit
1555 1250 1726 1278 mendicare
1750 1253 1819 1286 gut-

1037 1297 1098 1324 tam
1112 1305 1197 1333 aquae
1208 1319 1217 1332 ,
1237 1299 1265 1325 et
1284 1306 1346 1325 non
1364 1298 1460 1333 potuit
1478 1297 1612 1325 obtinere
1623 1319 1631 1332 ,
1647 1299 1679 1325 ut
1693 1297 1820 1326 habetur

1037 1343 1068 1371 in
1091 1344 1196 1372 Luca‘ss.
1220 1344 1263 1373 lbi
1284 1345 1373 1372 etiam
1395 1352 1456 1372 non
1478 1346 1520 1372 est
1543 1344 1627 1372 locus
1647 1344 1817 1372 laborandi.

1037 1390 1106 1418 Ideo
1132 1390 1279 1419 dicitur3:
1310 1392 1391 1419 Venit
1412 1400 1483 1426 now,
1509 1391 1616 1426 quamlo
1639 1399 1713 1419 nemo
1731 1393 1820 1426 potest

1038 1439 1154 1472 operari.
1177 1438 1219 1465 lbi
1238 1438 1433 1466 nihilominus
1451 1446 1513 1466 non
1528 1440 1570 1465 est
1583 1438 1667 1466 locus
1681 1440 1819 1465 mutuum

1038 1484 1204 1519 accipiendi
1215 1506 1223 1519 ,
1239 1485 1288 1512 vel
1304 1485 1442 1520 emendi,
1461 1486 1493 1512 ut
1515 1486 1595 1520 patet
1608 1485 1645 1512 de
1660 1484 1746 1512 fatuis
1761 1484 1819 1512 vir-

1039 1531 1191 1566 ginibus&
1214 1540 1280 1567 quae
1303 1532 1463 1559 voluerunt
1487 1534 1590 1559 mutuo
1605 1531 1746 1570 habere,
1771 1531 1820 1559 vel

1038 1586 1136 1605 emere
1152 1578 1252 1606 oleum
1264 1600 1272 1613 ,
1289 1581 1317 1606 et
1330 1586 1391 1606 non
1407 1580 1569 1614 potuerunt
1583 1578 1703 1606 habere.
1721 1580 1753 1605 Et
1763 1578 1819 1613 ita,

1037 1625 1089 1661 qui
1111 1633 1173 1652 non
1193 1625 1257 1653 vult
1279 1626 1326 1653 hic
1349 1625 1508 1661 providere
1530 1633 1583 1661 per
1604 1625 1685 1652 bona
1707 1633 1819 1661 opera,

1037 1673 1196 1706 egestatem
1215 1673 1355 1699 {eternam
1369 1672 1496 1708 patietur
1512 1672 1543 1699 in
1557 1671 1609 1699 illa
1623 1671 1683 1699 vita
1698 1674 1817 1700 aeterna.

1037 1719 1105 1747 ldeo
1131 1719 1202 1747 dicit
1225 1720 1400 1747 Salvator⁵z
1428 1721 1549 1746 Primum
1573 1720 1686 1754 quoerite
1708 1727 1820 1754 regnum

1037 1767 1106 1799 Dei,
1124 1768 1300 1802 etjustitz'am
1323 1767 1401 1802 ejus,
1425 1769 1450 1794 et
1475 1768 1528 1794 hoec
1548 1769 1640 1794 omnia
1655 1767 1820 1801 adjicientur

1036 1813 1110 1841 vobis
1123 1835 1130 1843 ,
1147 1815 1200 1841 θῖθ.

1283 1899 1464 1932 CAPUT
1502 1899 1568 1933 IV.

1367 1975 1485 2010 ωερε.

1071 2050 1140 2085 Spes
1158 2051 1200 2076 est
1211 2049 1315 2077 futurae
1330 2050 1522 2077 beatitudinis
1536 2052 1615 2078 certa
1630 2051 1795 2086 expectatio
1807 2073 1816 2086 ,

1034 2103 1069 2122 ex
1085 2095 1134 2122 Dei
1150 2095 1244 2129 gratia
1260 2097 1287 2122 et
1302 2104 1337 2122 ex
1352 2096 1463 2124 meritis
1478 2097 1669 2132 proveniens,
1685 2099 1717 2124 ut
1727 2097 1818 2125 habe-

1034 2143 1080 2168 tur
1101 2142 1132 2168 in
1152 2142 1230 2169 libro
1251 2143 1336 2169 tertio
1358 2143 1559 2170 Sententiarum
1569 2144 1589 2171 ⁶.
1612 2145 1650 2171 De
1673 2152 1724 2180 spe
1747 2146 1818 2173 nota

1033 2188 1181 2224 praecipue
1206 2189 1261 2216 tria
1272 2210 1280 2223 ,
1307 2189 1416 2217 scilicet
1440 2192 1544 2226 typum
1569 2191 1816 2227 comparationis,

1032 2235 1134 2263 foetum
1151 2236 1350 2270 generationis
1361 2258 1370 2271 ,
1388 2238 1416 2264 et
1429 2236 1558 2264 fructum
1574 2238 1767 2273 operationis.

1068 2283 1165 2311 Primo
1181 2292 1251 2319 ergo
1267 2292 1333 2320 spes
1348 2287 1538 2320 comparatur
1552 2284 1664 2312 tribus:
1681 2287 1723 2312 est
1735 2285 1815 2313 enim

1031 2331 1103 2358 sicut
1118 2330 1258 2359 columna
1272 2331 1399 2358 domum
1413 2331 1536 2358 firmans
1547 2352 1555 2365 ,
1573 2332 1646 2360 sicut
1663 2332 1749 2367 galea
1766 2341 1814 2360 ca-

1030 2380 1084 2413 put
1098 2386 1236 2412 armans,
1258 2380 1284 2406 et
1304 2378 1378 2405 sicut
1400 2378 1531 2405 anchora
1551 2386 1659 2406 navem
1681 2387 1810 2406 servans.

1030 2426 1100 2460 Spes
1123 2425 1223 2460 itaque
1248 2427 1291 2452 est
1313 2425 1385 2452 sicut
1411 2425 1569 2460 columna,
1597 2433 1664 2460 quae
1687 2426 1812 2454 domurn

1030 2476 1192 2502 sustentat:
1217 2482 1287 2501 nam
1310 2474 1451 2501 columna
1471 2474 1561 2501 debet
1583 2482 1643 2501 esse
1665 2475 1762 2502 solida
1784 2478 1812 2503 et

1030 2521 1066 2548 de
1078 2520 1145 2548 forti
1158 2521 1251 2555 ligno,
1263 2528 1323 2547 non
1336 2520 1448 2554 fragilis
1463 2523 1490 2547 et
1502 2528 1597 2548 vacua
1609 2541 1617 2555 ‚
1634 2522 1666 2548 ut
1678 2521 1809 2557 arund03

1028 2568 1069 2595 sic
1084 2576 1166 2604 spes,
1191 2576 1257 2603 quae
1278 2569 1319 2594 est
1333 2567 1363 2594 in
1379 2568 1438 2594 Deo
1451 2589 1458 2601 ,
1480 2567 1550 2603 quia
1566 2570 1607 2594 est
1628 2567 1723 2596 solida
1735 2589 1743 2602 ,
1769 2571 1811 2597 θεῖ

1028 2614 1114 2650 quasi
1127 2614 1163 2642 de
1179 2614 1246 2641 forti
1262 2614 1355 2648 ligno,
1373 2616 1400 2640 et
1413 2614 1481 2641 facit
1495 2613 1652 2641 aediticium
1667 2614 1807 2643 solidum.

1027 2661 1081 2689 Sed
1098 2669 1164 2697 spes
1175 2682 1184 2695 ,
1200 2669 1267 2697 quae
1286 2662 1328 2688 est
1344 2660 1375 2687 in
1389 2660 1521 2694 mundo,
1539 2662 1581 2688 est
1594 2660 1705 2696 fragilis
1720 2664 1747 2689 et
1761 2669 1810 2689 va-

1026 2727 1034 2738 ’”’
1050 2725 1129 2751 Sem„
1148 2724 1191 2747 lib.
1209 2723 1258 2753 ¹11,
1276 2722 1333 2747 dist.
1351 2729 1423 2753 xxvr,
1442 2723 1467 2746 in
1486 2723 1567 2753 princ.
1589 2724 1645 2749 Vid.
1667 2724 1720 2755 huj.
1746 2724 1806 2749 edit.

1027 2759 1091 2784 tom.
1108 2760 1150 2790 lV,
1167 2766 1226 2790 pag.
1245 2760 1300 2783 561.

1857 2293 1908 2319 Spei

1837 2330 1925 2351 eompa-

1829 2356 1932 2376 rationes.
