2004 3037
189 191 248 221 216

189 263 278 293 gere3
302 255 428 285 alterum
450 254 588 291 respectu
607 251 720 287 futuri,
743 251 854 280 scilicet
878 251 968 289 plan-

191 303 290 340 genda
304 301 411 330 iterum
425 308 487 330 non
499 299 692 328 committere.
705 298 820 335 Primus
833 300 914 328 actus
926 301 969 328 est

189 350 221 379 in
235 357 284 384 re3
299 347 464 382 secundus,
479 347 511 375 in
523 346 688 384 proposito.

225 395 397 425 Poenitentia
411 394 523 431 duplex
538 395 582 422 est
595 402 602 421 :
619 393 758 430 quaedam
773 393 894 421 interior
908 394 971 422 tan-

191 445 270 478 tum,
286 444 315 471 et
326 442 390 470 haec
409 443 453 470 est
467 441 505 470 de
521 441 588 478 jure
602 440 745 475 natura1i;
762 440 904 477 quaedam
919 449 969 469 ex-

191 489 292 523 terior,
303 496 370 526 quoe
381 489 415 517 fit
427 488 467 516 ad
479 487 635 516 arbitrium
648 487 790 515 hominis.
803 487 900 516 Prima
908 495 971 515 non

191 538 235 566 est
247 537 463 565 sacramentum
477 535 598 572 proprie
606 544 615 570 3
632 534 764 562 secunda
782 541 854 562 vero
870 535 914 562 cst
926 542 972 562 sa-

195 585 388 612 cramentum.
404 583 467 611 Non
483 582 562 610 enim
584 581 759 618 poenitentia
781 589 836 617 per
857 589 888 608 se
908 589 971 608 sus-

193 632 278 667 cepta
301 629 408 657 dicitur
427 628 549 665 proprie
574 629 794 656 sacramentum
818 627 972 662 Ecclesiae,

194 684 262 705 eum
286 676 351 704 talis
376 676 465 704 etiam
486 677 553 703 ante
573 675 753 711 baptismum
776 674 869 710 possit
889 673 969 710 fieri;

194 724 248 752 sed
268 722 441 760 poenitentia
454 722 588 758 injuncta
601 729 655 758 per
668 721 819 749 ministros
840 721 974 750 Ecclesiae

195 771 412 799 sacramentum
427 771 479 797 est.
496 768 666 798 Notandum
681 776 802 804 quoque
817 770 874 803 est,
890 768 974 804 quod

195 817 297 853 lugere
321 825 376 853 pro
392 816 521 853 propriis
535 815 663 852 peccatis
679 817 723 843 est
736 817 817 843 actus
832 815 976 852 poeniten-

196 865 243 893 tiae
253 885 262 900 ,
277 872 343 901 quae
356 865 399 892 est
411 863 503 891 virtus
515 862 647 898 justItiae3
661 862 713 890 sed
728 861 828 898 lugere
843 869 899 898 pro
914 869 977 889 ma-

196 911 233 940 lis
248 911 352 940 alienis
365 931 375 946 ,
389 911 433 938 est
454 909 574 938 alterius
589 909 704 936 virtutis
715 930 723 943 ,
739 908 850 936 seilicet
863 908 976 936 miseri-

198 957 327 994 oordiae3
343 957 445 993 lugere
459 963 532 984 vero
547 963 603 992 pro
617 955 705 983 bonis
720 954 856 988 aeternis,
871 956 914 982 est
927 962 976 982 ac-

199 1007 245 1034 tus
263 1005 353 1034 tertiae
372 1002 578 1038 beatitudinis,
594 1001 631 1030 de
647 1009 707 1038 qua
728 1001 834 1030 dicitur
847 1003 856 1020 ¹
874 1011 881 1030 :
897 1003 977 1030 Beati

199 1054 248 1088 qui
263 1053 368 1087 lugent,
385 1052 440 1079 etc.

236 1100 275 1127 De
289 1097 443 1126 duratione
459 1097 637 1134 poenitentiae
651 1095 806 1124 sciendum
822 1097 880 1131 est,
895 1095 978 1132 quod

201 1145 377 1174 exteriorem
391 1151 453 1172 non
463 1146 579 1180 oportet
591 1151 653 1172 esse
665 1145 839 1180 perpetuam
850 1152 858 1177 3
872 1143 925 1170 sed
941 1142 979 1170 de

201 1192 332 1221 interiori
348 1191 536 1227 distinguitur
552 1200 558 1218 :
576 1192 619 1218 est
633 1190 713 1218 enim
727 1190 895 1226 paenitentia
909 1189 981 1217 inte-

202 1240 264 1269 rior
277 1239 442 1267 seeundum
453 1238 600 1272 habitum,
615 1239 643 1265 et
655 1237 720 1264 haee
736 1237 823 1264 debet
839 1244 900 1264 csse
915 1245 981 1272 per-

203 1288 310 1323 petua3
335 1285 394 1314 alia
417 1287 459 1313 est
473 1284 638 1312 secundum
652 1286 766 1317 aetum,
782 1285 810 1311 et
827 1283 905 1311 hanc
920 1291 982 1311 non

205 1334 322 1370 oportet
336 1340 398 1361 esse
412 1333 598 1368 perpetuam.
619 1331 741 1367 Semper
765 1329 844 1358 enim
869 1332 983 1358 tenetur

207 1382 274 1419 quis
294 1381 333 1409 ad
354 1381 524 1409 interiorem
552 1379 755 1416 poenitentiam
778 1379 981 1413 habitualem,

208 1436 269 1466 qua
283 1428 371 1457 vellet
385 1435 445 1456 non
460 1434 614 1463 peccasse,
631 1428 658 1454 ct
672 1426 735 1454 vult
751 1425 787 1453 ‹le
803 1427 907 1453 coetero
922 1433 984 1453 non

207 1483 347 1512 pcccare3
370 1474 422 1503 sed
438 1474 477 1502 ad
501 1473 677 1502 exteriorem
695 1472 900 1509 poenitentiam
924 1480 986 1501 non

209 1529 326 1558 semper
340 1522 465 1549 tenetur.

245 1571 387 1597 Praeterea
401 1568 477 1596 alius
502 1568 544 1595 est
568 1566 654 1595 dolor
676 1566 844 1600 rationalis,
869 1565 921 1602 qui
946 1567 989 1594 est

210 1616 322 1653 peccati
338 1614 491 1643 detestatio
504 1624 512 1649 ;
528 1613 603 1641 nlius
619 1612 763 1641 sensualis
774 1634 782 1648 ,
799 1613 851 1648 qui
865 1614 906 1640 est
920 1620 988 1648 pas-

212 1666 256 1693 sio
272 1675 278 1692 :
293 1667 320 1692 et
335 1664 449 1700 primus
465 1662 553 1690 dolor
569 1668 686 1697 semper
701 1660 789 1688 debet
804 1669 865 1688 esse
881 1661 912 1688 in
926 1668 988 1696 pm-

213 1711 349 1745 nitentia;
363 1709 510 1738 secundus
527 1716 585 1735 uon
602 1710 643 1735 est
658 1707 695 1735 de
710 1707 890 1735 necessitate.
909 1709 988 1741 item,

215 1757 351 1794 quamvis
366 1757 457 1784 honio
473 1763 533 1783 non
548 1754 583 1782 sit
596 1756 691 1782 certus
706 1753 742 1781 de
758 1754 870 1789 pcccati
885 1753 990 1780 remis-

215 1805 317 1840 sione,
343 1805 517 1832 tamennon
535 1803 652 1837 oportet
673 1802 794 1836 propter
818 1800 875 1827 hoc
899 1799 992 1836 poeni-

216 1851 337 1880 tentiam
359 1849 532 1878 exteriorem
553 1856 615 1876 esse
630 1850 804 1884 perpetuam
821 1857 827 1875 ι
845 1848 915 1883 quia
931 1855 992 1875 non

218 1898 342 1933 exigitur
352 1897 383 1925 iu
394 1896 501 1924 talibus
511 1895 655 1923 certitudo
671 1894 812 1928 scientiae,
827 1894 879 1921 sed
888 1894 994 1922 suffieit

219 1944 362 1973 certitudo
378 1943 553 1978 conjectures
567 1941 751 1978 probabilis,
768 1943 799 1968 ut
814 1943 856 1968 est
872 1941 994 1976 quando

219 1992 310 2019 homo
326 1990 392 2018 fecit
406 1989 600 2026 probabiliter
615 1988 698 2024 quod
722 1990 783 2015 erat
802 1995 838 2015 ex
853 1989 935 2023 parte
950 1987 995 2016 sui

221 2037 353 2066 dolendo
364 2059 373 2072 ‚
402 2035 571 2065 confitendo
585 2057 593 2070 ,

222 2086 333 2114 dando.

256 2134 330 2161 Cum
345 2131 374 2159 in
391 2131 473 2160 omni
489 2131 673 2158 sacramento
688 2136 773 2157 novae
792 2128 867 2163 legis
889 2128 925 2155 sit
944 2128 997 2156 ali-

222 2188 281 2215 qua
295 2178 418 2207 materia
432 2177 555 2205 visibilis
576 2176 725 2210 elementi,
742 2183 808 2211 quae
823 2177 865 2203 est
880 2175 997 2210 signum

222 2228 250 2254 et
268 2233 357 2253 causa
376 2224 494 2260 gratite,
514 2225 628 2259 oportet
652 2223 739 2250 etiam
758 2222 787 2249 iu
812 2223 996 2249 sacramento

221 2272 399 2309 poeniteutiae
414 2271 453 2299 ita
468 2278 529 2298 csse
541 2280 548 2305 3
562 2269 614 2297 sed
631 2272 699 2297 tune
713 2269 835 2296 materia
851 2268 998 2296 sensibilis

223 2319 303 2353 large
318 2317 442 2346 sumitur
457 2325 511 2352 pro
527 2316 607 2344 omui
624 2323 671 2350 re,
692 2315 753 2342 sive
767 2323 813 2342 res
828 2315 879 2342 illa
894 2315 929 2342 sit
946 2323 996 2343 ex-

223 2365 312 2393 terior
326 2364 504 2398 substantia,
521 2363 581 2390 sive
597 2362 671 2390 aetio
686 2362 818 2390 humana
832 2370 837 2388 :
849 2361 939 2396 uude,
957 2369 998 2389 se-

223 2412 356 2440 cundum
379 2410 451 2444 hoc,
469 2410 498 2438 iu
518 2409 708 2445 punitentia,
734 2410 822 2444 prout
842 2411 883 2435 est
901 2416 997 2436 sacra-

223 2460 373 2491 mentum,
389 2459 455 2484 sunt
470 2464 516 2484 res
536 2459 562 2484 et
586 2455 677 2483 verba
693 2464 699 2482 :
717 2455 808 2482 verba
830 2454 941 2490 quippe
967 2454 997 2482 in

224 2504 408 2533 consessione
424 2505 452 2531 et
471 2502 655 2531 absolutione
671 2504 757 2536 sunt,
774 2509 820 2529 res
838 2504 936 2529 autem
957 2503 998 2529 est

631 2034 837 2063 satisfaciendo
853 2055 863 2068 ‚
892 2042 994 2062 emen-

255 2580 264 2595 ·
280 2578 380 2608 Mami„
392 2586 417 2610 v,
431 2580 454 2603 ὃ.
465 2591 495 2596 -
508 2577 518 2594 ¹
532 2578 584 2601 tino
600 2576 726 2607 Geuuad„
741 2576 770 2600 da:
786 2575 878 2600 liet-les.
899 2575 998 2606 Dogm,

225 2624 247 2638 r.
264 2621 315 2640 le.
335 2628 364 2633 -
383 2614 477 2645 ³1sid.,
492 2613 521 2636 (Ie
537 2614 606 2637 Sum.
627 2614 699 2642 Bon„
717 2613 760 2636 lib.
782 2612 819 2641 ΙΙ,
840 2618 862 2634 c.
879 2616 951 2635 xxvt.
969 2623 998 2628 —

225 2653 232 2664 ⁴
245 2651 313 2675 Psal.
330 2656 407 2681 xxm,
424 2652 445 2674 4.
459 2663 489 2668 -
511 2651 518 2664 ⁵
536 2651 610 2680 Aug„
629 2649 671 2673 lib.
695 2649 712 2672 L
733 2647 834 2675 Humili,
852 2647 922 2671 bom.
944 2652 997 2676 im,

513 179 774 218 COMPENDIUM
794 183 1058 217 TnEOLOGlcAE
1077 183 1304 217 VERITATlS.
1327 184 1404 218 Lm.
1426 185 1478 218 VI.

1023 253 1090 289 ipsa
1103 251 1180 281 aetio
1193 251 1335 281 humana.
1351 252 1395 281 Ad
1417 253 1646 290 intelligendum
1659 256 1717 286 ieta
1735 257 1801 294 ple-

1024 299 1107 334 nius,
1120 300 1192 328 nota
1207 299 1291 336 quod
1299 299 1374 328 sicut
1386 299 1418 328 in
1426 301 1582 330 medicinis
1593 303 1802 339 corporalibus

1025 345 1164 383 quaedam
1178 346 1341 374 consistunt
1353 347 1384 374 in
1398 348 1465 375 sola
1477 349 1616 385 passione
1635 350 1729 379 cui-ati
1736 371 1746 386 ,
1767 353 1802 382 ut

1027 395 1070 421 est
1092 393 1182 422 sectio
1202 392 1334 421 vulneris
1345 402 1354 428 ;
1375 394 1514 430 quaedam
1535 403 1607 424 vero
1627 395 1660 424 in
1684 396 1800 427 actione

1027 440 1180 476 ejusdem,
1194 442 1227 469 ut
1241 443 1284 469 est
1301 441 1473 470 exercitatio
1489 443 1623 479 eorporis
1634 452 1644 471 ε
1658 444 1700 472 ita
1712 443 1743 472 in
1757 452 1804 474 sa-

1028 489 1186 516 cramentis
1199 489 1338 525 quiedam
1351 490 1515 518 consistunt
1529 490 1560 518 in
1579 490 1718 527 passione
1740 491 1814 528 ejus>

1029 535 1080 571 qui
1093 535 1302 570 sanctificatur,
1317 537 1345 564 et
1358 544 1420 564 non
1434 536 1466 564 in
1480 537 1606 572 actione,
1621 537 1677 565 nisi
1690 540 1746 574 'per
1758 546 1805 567 ao-

1029 581 1145 617 cidens,
1161 584 1194 610 ut
1208 582 1389 618 baptismus,
1404 583 1602 619 confirmatio,
1619 584 1805 620 eucharistia,

1030 631 1161 657 extrema
1174 629 1289 664 unctio,
1303 629 1394 665 ord03
1408 630 1547 666 quaedam
1559 639 1631 659 vero
1644 631 1807 661 consistunt

1031 675 1222 704 essentialiter
1243 675 1273 704 in
1298 677 1365 704 actu
1385 677 1447 712 ejus
1472 677 1523 713 qui
1542 677 1751 714 sanctificatur,
1775 680 1807 708 ut

1030 723 1090 751 alia
1104 722 1165 750 duo
1180 724 1379 757 sacramenta,
1394 723 1504 752 scilicet
1517 724 1689 760 poenitentia
1704 728 1731 753 et
1743 733 1806 754 ma-

1031 769 1214 797 trimonium.
1231 770 1263 796 ln
1276 769 1381 805 primis
1396 777 1485 805 ergo,
1499 778 1566 806 quae
1584 771 1647 799 sine
1666 773 1733 800 actu
1752 779 1808 800 no-

1032 818 1091 844 stro
1120 817 1291 851 operantur,
1319 815 1478 852 requiritur
1504 818 1633 846 exterior
1662 819 1787 848 materia
1796 842 1806 854 ,

1033 870 1100 898 quoe
1115 861 1263 896 significat
1276 863 1303 889 et
1318 869 1438 890 causam
1453 864 1481 889 et
1494 870 1556 891 rem
1572 865 1763 900 sacramenti:
1779 864 1809 894 in

1034 907 1098 936 aliis
1112 916 1183 936 vero
1198 908 1261 944 ipse
1274 910 1355 936 actus
1369 911 1469 937 noster
1481 911 1524 937 est
1537 918 1592 946 pro
1608 911 1732 940 materia
1745 919 1811 940 scn-

1034 955 1123 983 sibili.
1140 956 1182 983 Ex
1201 955 1350 992 praedictis
1373 957 1473 992 patere
1489 959 1586 992 potest
1602 957 1684 994 quod
1702 958 1734 987 in
1751 957 1810 987 hoe

1035 1001 1190 1038 quoddam
1203 1004 1245 1030 est
1258 1005 1476 1030 sacramentum
1491 1005 1615 1039 tantum,
1627 1006 1659 1033 ut
1673 1006 1715 1033 est
1729 1007 1812 1034 aetus

1035 1049 1202 1085 poenitentis
1219 1049 1365 1085 exterior,
1381 1049 1538 1086 quoddam
1552 1053 1595 1079 est
1609 1058 1656 1079 res
1675 1053 1789 1080 tantum
1800 1071 1810 1087 ,

1036 1097 1068 1124 ut
1081 1096 1216 1124 remissio
1228 1099 1417 1132 peccatorum
1429 1106 1437 1132 ς
1451 1096 1607 1133 quoddam
1619 1105 1666 1127 res
1675 1100 1703 1127 et
1716 1105 1813 1127 saera-

1036 1145 1169 1171 mentum
1178 1163 1188 1178 ,
1200 1145 1231 1171 ut
1246 1143 1383 1172 contritio
1400 1143 1531 1172 interior.

1297 1237 1440 1271 CAPUT
1461 1237 1552 1271 XXI.

1229 1311 1266 1337 De
1288 1310 1424 1345 qualitate
1445 1311 1619 1338 Poeuitentiae.

1076 1381 1122 1407 Est
1141 1378 1219 1407 enim
1239 1378 1409 1415 pcenitentia
1430 1373 1571 1415 ‹111aede
1590 1386 1661 1408 vera
1673 1389 1682 1415 ;
1703 1382 1817 1416 Augus-

1040 1425 1138 1453 tinus²
1154 1434 1160 1453 :
1178 1435 1191 1452 «
1206 1426 1377 1454 I‘oenitentia
1391 1433 1464 1454 vera
1487 1428 1545 1460 est,
1561 1426 1733 1462 poenitenda
1754 1434 1818 1457 non

1042 1473 1224 1501 committere
1241 1493 1248 1506 ,
1270 1473 1297 1501 et
1321 1471 1480 1500 commissa
1504 1472 1623 1501 dessere.
1645 1483 1660 1499 n
1678 1473 1818 1507 Quaedam

1042 1521 1085 1547 est
1098 1519 1188 1553 falsa3
1207 1519 1333 1547 tsidorus
1345 1520 1373 1548 ³:
1390 1530 1403 1545 «
1420 1519 1520 1548 irrisor
1539 1522 1594 1554 est,
1611 1521 1640 1548 et
1653 1527 1715 1548 non
1728 1520 1819 1556 poeni-

1043 1567 1116 1602 tous,
1131 1567 1182 1603 qui
1197 1567 1295 1595 adhue
1308 1567 1368 1603 agit
1383 1567 1465 1604 quod
1482 1566 1630 1603 poeniteat.
1647 1577 1661 1593 ι)
1678 1567 1819 1601 Quaedam

1044 1614 1087 1641 ost
1101 1615 1202 1642 coacta
1213 1614 1223 1631 ¹·
1239 1623 1245 1642 :
1260 1615 1404 1642 Conversus
1419 1622 1478 1641 sum
1497 1615 1526 1641 in
1541 1622 1662 1641 aerumna
1675 1622 1749 1649 mea,
1763 1616 1817 1642 etc.

1044 1660 1184 1693 Qiuedam
1200 1663 1242 1688 est
1256 1668 1339 1695 sera;
1356 1660 1532 1696 Augustinus
1547 1660 1557 1676 ⁵
1573 1668 1580 1687 ε
1599 1669 1612 1686 «
1627 1659 1655 1688 Si
1675 1662 1744 1689 tunc
1761 1668 1820 1696 poe-

1045 1707 1120 1734 nites
1144 1707 1266 1743 quando
1293 1715 1417 1743 peecare
1443 1714 1505 1734 non
1528 1709 1627 1743 potes,
1647 1710 1769 1743 peccata
1794 1709 1821 1736 te

1047 1753 1238 1787 dimiserunt,
1259 1761 1318 1782 non
1336 1756 1366 1782 tu
1389 1753 1450 1781 illa.
1467 1763 1482 1779 n
1504 1753 1646 1787 Quaedam
1669 1753 1772 1790 iniqua
1785 1754 1796 1772 ⁸
1813 1763 1820 1782 :

1046 1801 1130 1828 Juclas
1149 1802 1309 1836 poenitentia
1328 1801 1438 1835 duetus,
1454 1802 1508 1828 etc.
1526 1800 1666 1834 Quaedam
1687 1800 1824 1837 despera-

1048 1849 1077 1875 ta
1094 1849 1104 1864 '¹
1127 1855 1134 1875 z
1160 1848 1219 1875 I’roe
1242 1849 1372 1882 angustia
1395 1848 1510 1883 spiritus
1536 1850 1681 1882 gementes,
1705 1847 1824 1876 dicentes

1048 1896 1125 1922 intra
1140 1902 1181 1928 se,
1194 1895 1381 1930 paenitentiam
1393 1896 1509 1928 offences.
1527 1893 1668 1927 Quaedam
1683 1895 1783 1922 sancta
1797 1895 1825 1922 et

1049 1940 1218 1975 meritoria;
1239 1941 1402 1969 Rei—nardus
1426 1950 1432 1968 :
1456 1952 1469 1965 «
1485 1941 1506 1969 O
1529 1940 1599 1969 felix
1620 1941 1826 1977 poenitentium

1050 1987 1218 2016 humilitas!
1238 1995 1255 2016 o
1283 1987 1365 2015 bona
1388 1995 1455 2023 spes
1480 1987 1683 2015 confitentium
1703 1989 1709 2015 l
1734 1993 1825 2024 quam

1050 2036 1155 2071 potens
1178 2042 1208 2061 es
1233 2033 1314 2070 apud
1342 2034 1596 2070 Omnipotentem!
1623 2042 1713 2071 quam
1739 2033 1825 2062 facile

1051 2081 1144 2109 vineis
1158 2080 1361 2109 invincibilem
1378 2082 1384 2108 !
1402 2089 1492 2115 quam
1508 2081 1564 2108 cito
1578 2080 1764 2108 tremendum
1777 2081 1826 2108 Ju-

1053 2127 1150 2156 dicem
1165 2128 1312 2156 convertis
1327 2127 1356 2155 in
1371 2127 1537 2163 piissimum
1552 2129 1665 2162 patrem
1680 2128 1686 2154 t

1089 2174 1178 2203 Debet
1191 2174 1361 2210 poenitentia
1374 2182 1436 2201 esse
1451 2181 1552 2201 amara
1567 2174 1576 2190 ⁸
1589 2181 1595 2201 :
1613 2174 1754 2201 Planctum
1767 2174 1828 2201 tmi-

1053 2223 1139 2257 qcniti'
1152 2223 1196 2255 sac
1216 2221 1279 2248 tibi.
1300 2219 1488 2253 Voluntaria5
1504 2219 1682 2254 Augustinus
1699 2230 1706 2248 :
1725 2229 1739 2246 α
1754 2222 1827 2248 Cum

1053 2267 1164 2303 gaudio
1180 2266 1267 2294 debet
1285 2266 1381 2294 faeere
1400 2265 1575 2293 immortalis
1598 2265 1729 2300 futurus,
1744 2274 1826 2302 quoe-

1054 2321 1181 2350 eumque
1208 2313 1315 2341 fuceret
1341 2313 1432 2340 homo
1456 2320 1511 2348 pro
1538 2312 1704 2341 differenda
1731 2313 1826 2340 morte

1053 2360 1222 2388 moriturus,
1250 2369 1262 2385 u
1288 2359 1416 2387 Perfecta
1430 2368 1437 2393 ς
1468 2359 1645 2394 Augustinus
1669 2367 1676 2386 :
1704 2367 1717 2384 α
1742 2357 1827 2387 Nulla

1053 2405 1223 2443 poenitentia
1237 2408 1279 2433 est
1293 2413 1373 2440 sera,
1390 2405 1556 2433 dummodo
1571 2405 1607 2433 sit
1621 2412 1700 2433 vera.
1714 2415 1727 2430 n
1741 2407 1828 2432 Acce-

1053 2452 1144 2481 lerata
1158 2453 1168 2470 ⁹
1185 2461 1192 2480 ;
1207 2453 1247 2481 Ne
1266 2453 1358 2480 (areles
1373 2454 1490 2480 converti
1508 2452 1545 2479 ad
1560 2453 1710 2478 Dominum.
1726 2451 1827 2480 Hiero-

1053 2507 1161 2536 nymus
1176 2508 1183 2527 :
1203 2509 1216 2524 «
1230 2499 1375 2528 Naviculoe
1389 2498 1508 2527 haerenti
1523 2498 1555 2526 in
1569 2496 1634 2525 solo
1654 2496 1757 2525 funem
1772 2504 1826 2534 po·

1054 2566 1086 2590 at.
1104 2571 1268 2590 cccxe111.—
1285 2567 1294 2581 ⁶
1311 2566 1412 2596 nauh..
1425 2571 1507 2596 xxvii,
1521 2566 1546 2589 3.
1562 2577 1590 2582 -
1609 2564 1616 2578 ⁷
1633 2563 1706 2596 Sap„
1721 2569 1745 2595 v,
1761 2564 1783 2588 3.
1796 2575 1826 2582 -

1055 2602 1062 2616 ¹
1076 2602 1176 2632 Jerem,
1191 2607 1226 2632 vi,
1240 2602 1278 2625 26.
1295 2614 1325 2620 —
1339 2603 1348 2617 ⁹
1365 2601 1452 2630 Eccli..
1467 2607 1492 2631 V,
1503 2601 1526 2624 8.

1085 2645 1118 2674 (a)
1132 2643 1219 2675 Suppl.
1235 2650 1280 2675 per
1294 2645 1419 2669 Joannem
1437 2642 1583 2674 Baptistam.
