2004 3037
243 220 301 249 100

241 291 312 312 vero
337 283 472 317 homini,
498 289 623 318 corpore
646 282 816 317 assumpt03
843 280 898 309 sed
922 278 1016 308 verbo

241 329 339 366 operis
352 329 484 365 loquitur
499 330 573 356 Deus
595 327 738 361 diabolo,
760 329 789 355 et
809 326 933 363 angelus
954 325 1017 354 dia-

241 375 325 404 bolo.
333 376 372 403 De
381 374 531 403 locutione
543 375 643 411 itaque
651 374 839 409 angelorum,
849 375 921 401 nota
932 371 1017 409 quod

240 421 363 457 angelus
377 421 510 457 loquitur
533 422 610 456 Deo,
626 429 694 449 cum
710 429 746 449 ex
766 419 837 448 visis
856 419 887 448 in
901 421 1016 447 motum

239 467 443 496 admirationis
463 467 593 503 exurgit,
617 467 663 495 vel
686 475 756 495 cum
770 466 891 495 affectus
906 473 977 494 suos
990 464 1016 493 ei

237 515 408 549 praesentat,
424 522 500 550 quos
513 516 614 542 tamen
629 522 698 542 eum
712 514 803 541 latere
819 512 943 541 minime
958 511 1013 540 du-

236 559 321 589 bitat.
348 560 477 596 Angelus
513 568 584 588 vero
611 560 744 596 loquitur
776 559 884 595 angelo
919 558 1014 586 verbo

236 607 342 635 mentis
356 615 431 642 suae,
453 607 565 643 species
580 606 765 635 ostendendo
780 606 930 634 mediante
949 605 1016 633 illu-

236 653 398 681 minatione
412 653 544 690 quadam
555 653 700 689 spirituali
711 652 872 681 irradiante
885 653 923 680 ab
938 652 1013 688 ipso.

235 700 306 728 Item
319 700 443 735 angelus
465 700 535 728 facit
553 699 668 735 aliquid
688 707 790 727 coram
805 699 912 734 angelo
923 720 931 733 ,
954 706 1014 734 quo

235 745 314 775 facto
339 746 477 782 intelligit
496 746 580 782 quod
595 754 657 775 non
677 745 862 781 intelligebat
881 747 958 773 ante.
983 745 1016 773 Et

234 792 276 821 sic
289 792 454 829 loquuntur
477 800 582 820 omnes
605 792 765 826 omnibus,
787 792 818 820 id
842 794 906 825 est,
927 798 1015 826 supe-

233 838 327 867 riores
340 839 546 872 inferioribus,
562 840 590 866 et
603 846 618 866 e
630 846 784 867 converso.
796 839 868 866 ltem
881 837 1015 873 loquitur

234 886 359 922 angelus
382 886 490 922 angelo
511 894 566 922 per
594 886 896 914 communicationem
920 885 1014 912 divini

233 933 355 962 luminis
375 933 476 970 ipsum
489 933 666 961 instruendo
683 942 690 960 ε
706 932 747 960 sic
767 940 828 960 non
850 932 1015 968 loquuntur

234 988 338 1008 omnes
361 980 520 1014 omnihus,
540 987 596 1008 nec
617 979 738 1014 omnia,
763 979 817 1007 sed
839 980 954 1006 tantum
969 985 1014 1005 su-

233 1026 364 1063 periores
389 1026 578 1055 inferioribus
602 1026 640 1054 de
666 1025 712 1053 his
735 1033 802 1061 quoe
822 1033 876 1061 per
897 1024 1014 1052 divinas

233 1073 428 1109 theophanias
441 1073 645 1110 perceperunt.

269 1119 410 1155 Loquitur
433 1121 533 1147 autem
557 1118 681 1153 angelus
703 1117 818 1145 homini
841 1117 1011 1153 dupliciter.

233 1166 330 1194 Primo
342 1166 445 1200 modo,
457 1165 549 1193 verbo
559 1165 657 1193 vocali
671 1165 701 1192 in
716 1167 866 1201 assumpto
877 1172 1012 1200 corpore;

234 1212 287 1240 sed
301 1215 387 1246 tunc,
403 1212 477 1240 sieut
497 1219 559 1239 non
581 1211 693 1247 profert
713 1219 820 1238 sonum
842 1210 873 1238 in
893 1211 1014 1246 organis

234 1259 438 1288 materialibus
461 1258 626 1288 secundum
646 1260 781 1285 naturam
794 1278 803 1291 ,
827 1257 867 1284 ita
887 1265 940 1284 nec
956 1257 1012 1284 cir-

236 1305 372 1333 culariter
389 1305 524 1332 immutat
543 1304 694 1338 medium,
710 1303 968 1339 quemadmodum
982 1302 1013 1330 in

236 1360 309 1380 voce
324 1351 450 1379 naturali
467 1360 473 1378 z
490 1351 569 1378 unde
591 1358 653 1378 non
672 1350 810 1384 auditur,
831 1350 886 1377 nisi
906 1349 944 1377 ab
961 1349 1013 1378 illo

237 1396 275 1424 ad
292 1404 380 1432 quem
397 1395 550 1423 ordinatur
567 1405 573 1422 :
590 1397 617 1422 et
637 1396 678 1422 est
698 1394 792 1421 simile
810 1394 839 1420 in
854 1394 1011 1429 apparitio-

236 1442 324 1470 nibus
337 1442 528 1477 angelorum,
543 1449 621 1477 quos
643 1441 768 1476 quidam
783 1440 902 1474 vident,
915 1442 942 1467 et
963 1440 1013 1468 alii

235 1498 319 1526 aeque
341 1490 503 1526 propinqui
527 1498 588 1517 non
608 1489 731 1523 vident,
755 1490 786 1516 ut
808 1491 930 1524 apparet
950 1489 957 1504 ¹
983 1488 1013 1516 in

235 1537 357 1571 Eliszeo,
377 1539 405 1564 et
429 1544 522 1572 puero
548 1536 620 1571 ejus.
648 1535 751 1563 Dicunt
778 1537 876 1562 tamen
901 1534 1013 1570 aliqui,

235 1583 319 1619 quod
333 1583 457 1618 angelus
472 1590 627 1618 nunquam
644 1582 799 1618 apparuit,
817 1581 864 1608 vel
879 1583 1013 1617 apparet,

235 1632 286 1657 aut
305 1629 436 1665 loquitur
451 1629 565 1656 homini
587 1629 616 1656 in
640 1629 772 1662 subjecta
795 1630 942 1661 creatura;
961 1627 1013 1655 sed

235 1676 427 1704 intentionem
440 1697 449 1709 ,
465 1676 525 1703 sive
541 1675 764 1702 similitudinem
780 1675 863 1710 ponit
879 1674 908 1701 in
924 1674 1012 1701 oculo

236 1723 316 1758 ejus,
333 1723 381 1749 vel
397 1723 590 1749 intentionem
606 1721 687 1748 vocis
701 1721 785 1756 ponit
805 1721 833 1747 in
854 1728 923 1747 aure
936 1720 1010 1754 ejus,

235 1772 264 1797 et
277 1769 317 1796 ibi
334 1769 436 1804 recipit
452 1776 553 1795 sensus
569 1767 735 1795 communis
752 1767 864 1801 species
885 1766 965 1799 illas,
980 1774 1013 1793 ac

236 1815 342 1843 deinde
367 1815 543 1851 perveniunt
576 1814 614 1841 ad
646 1813 889 1847 imaginationem
908 1834 916 1847 ,
947 1815 1014 1847 post

235 1862 296 1890 haec
311 1861 350 1889 ad
363 1861 566 1889 intellectum:
589 1863 616 1887 ot
639 1860 695 1887 hoc
718 1861 761 1886 est
783 1859 864 1894 quod
890 1859 1014 1893 angelus

237 1908 344 1936 dicitur
365 1915 524 1944 apparere,
540 1909 589 1934 aut
604 1907 687 1942 loqui
703 1906 826 1933 homini.

273 1954 407 1983 Secundo
423 1954 514 1981 modo
535 1953 666 1989 loquitur
688 1952 811 1987 angelus
832 1952 946 1979 homini
962 1959 1013 1987 per

236 2001 462 2037 impressionem
476 2008 575 2028 rerum
591 1999 773 2027 sensibilium
784 2020 792 2032 ,
809 2000 890 2025 moto
907 1998 1013 2024 instru-

237 2049 337 2076 mento
353 2046 588 2081 imaginatiouiS‚
604 2048 631 2073 et
650 2045 690 2072 sic
710 2044 842 2081 loquitur
864 2044 1013 2079 vigilanti-

238 2094 295 2122 bus
310 2096 338 2122 et
350 2093 576 2121 dormientibus.

275 2143 346 2168 Item
373 2139 505 2175 loquitur
527 2138 651 2173 angelus
674 2137 808 2171 diabolo,
836 2137 948 2172 species
969 2137 1014 2164 sui

238 2187 401 2214 intellectus
420 2186 446 2213 ei
466 2186 528 2212 sine
552 2185 654 2220 aliqua
678 2183 894 2211 illuminatione
919 2185 1014 2211 osten-

238 2233 348 2260 dendo.

272 2281 342 2307 ltem
366 2278 498 2313 loquitur
526 2276 664 2303 diabolus
690 2275 804 2303 homini
832 2275 1011 2311 dupliciter:

236 2326 333 2362 primo
349 2324 440 2352 modo
452 2345 460 2357 ,
482 2331 600 2350 sensum
622 2322 825 2355 immutando,
842 2323 869 2348 et
892 2322 949 2349 hoc
966 2322 1013 2350 vel

236 2371 480 2407 imaginationem
495 2369 619 2403 alicujus
634 2368 675 2395 rei
691 2368 890 2403 imprimendo
908 2368 1012 2395 iustru-

236 2421 336 2446 mento
348 2418 438 2451 visus,
450 2416 498 2444 vel
513 2414 682 2449 objiciendo
695 2414 770 2441 visui
787 2414 1012 2442 similitudinem

236 2465 361 2500 alicujus
380 2463 442 2498 rei3
459 2462 588 2490 secundo
605 2460 697 2488 modo
721 2460 850 2495 loquitur
874 2460 1013 2488 diabolus

235 2511 349 2539 homiui
373 2518 428 2546 per
449 2508 676 2545 impressionem
703 2515 803 2535 rerum
827 2507 1012 2534 sensibilium

236 2559 267 2586 in
277 2558 471 2587 instrumento
482 2555 711 2591 imaginationis,
724 2557 751 2583 et
766 2554 822 2582 hoc
838 2554 907 2582 lacit
919 2562 1013 2590 quan-

287 2657 336 2680 ¹1v
357 2656 424 2685 Rcy„
438 2660 472 2684 vr,
490 2654 559 2677 17.—
572 2652 583 2669 ²
594 2653 678 2682 Aper„
691 2657 740 2681 ΧΠ,
756 2653 778 2676 7.

523 247 528 249 Α
571 213 830 247 COMPENDIUM
851 210 1112 245 THEOLOGICAE
1133 209 1355 244 VERI'I'ATlS.
1379 209 1454 241 LlB.
1479 208 1519 240 ΙΙ.

1075 278 1176 315 doque
1189 277 1394 314 vigilantibus,
1413 275 1597 313 quandoque
1611 275 1845 305 dormientibus:

1054 329 1056 331 '
1074 326 1102 353 et
1115 325 1156 353 sic
1168 324 1298 353 immittit
1311 323 1522 359 cogitationem
1535 322 1617 350 mali.
1633 322 1848 358 Cogitationem

1073 379 1145 399 vero
1159 371 1269 399 malam
1283 379 1346 399 non
1356 371 1452 406 potest
1465 369 1638 403 immittere,
1653 377 1720 406 quae
1732 370 1847 398 tantum

1072 425 1126 454 per
1140 425 1318 446 consensum
1331 416 1412 445 mala
1425 416 1459 444 fit
1468 416 1516 452 (a).

1109 466 1156 492 Est
1173 466 1201 492 et
1217 463 1327 492 locutio
1342 463 1511 491 animarum
1524 471 1531 490 :
1548 461 1619 498 quia
1639 461 1739 490 anima
1750 461 1848 498 loqui-

1073 512 1119 538 tur
1134 512 1192 538 Deo
1206 518 1258 546 per
1273 509 1469 543 desiderium,
1480 509 1564 544 cujus
1578 508 1749 536 affectiones
1759 508 1848 536 nudae

1072 559 1182 585 suntet
1203 558 1311 593 apertae
1325 555 1419 584 oculis
1439 555 1498 584 Dei.
1519 555 1625 583 Anima
1647 554 1780 582 similiter
1798 562 1848 583 an-

1072 604 1138 638 gelo
1153 603 1300 640 loquitur,
1316 605 1344 631 et
1356 603 1414 630 hoc
1432 610 1486 638 per
1505 609 1593 629 voces
1607 601 1756 638 corporis,
1772 609 1848 637 quas

1072 650 1148 678 bene
1162 649 1288 686 percipit
1305 648 1443 684 angelus,
1464 648 1538 676 sicut
1559 650 1587 676 et
1606 648 1665 676 alia
1685 647 1846 676 sensibilia.

1072 696 1153 724 Unde
1169 697 1270 724 anima
1291 697 1416 724 existens
1434 696 1464 723 in
1483 703 1608 732 corpore
1627 695 1686 723 alia
1703 694 1848 731 spirituali

1071 745 1214 779 potestate
1228 743 1373 778 loquendi
1389 742 1427 770 ad
1443 742 1566 778 angelos
1577 749 1639 770 non
1654 741 1767 777 indiget
1772 751 1781 776 ;
1794 741 1847 769 sed

1070 789 1148 817 hauc
1162 789 1286 817 habebit
1300 791 1388 818 exuta
1402 797 1420 817 a
1435 797 1570 826 corpore.
1592 790 1663 817 ltem
1681 788 1782 816 anima
1801 787 1846 816 lo-

1072 836 1171 872 quitur
1190 835 1314 863 diabolo
1323 857 1332 870 ‚
1347 836 1419 872 quia
1433 835 1641 864 similitudines
1655 835 1847 863 affectionum

1071 881 1281 918 imprimuntur
1301 881 1451 916 sensibus,
1467 881 1520 910 ubi
1542 881 1682 910 diabolus
1695 880 1767 916 legit
1785 888 1844 908 eas.

1335 975 1477 1009 CAPUT
1505 975 1580 1009 XX.

1171 1048 1208 1075 De
1225 1048 1385 1082 specialibus
1402 1047 1553 1074 nominibus
1572 1047 1741 1082 Anyelorum.

1107 1118 1144 1144 De
1158 1116 1204 1144 his
1219 1116 1401 1149 nominibus,
1419 1116 1536 1143 Michael
1545 1137 1554 1150 ‚
1573 1116 1692 1149 Gabriel,
1708 1115 1844 1151 Βαρὴαεὶ,

1070 1163 1225 1191 sciendum
1239 1165 1296 1197 est,
1312 1162 1396 1198 quod
1411 1162 1473 1190 haec
1494 1164 1562 1190 sunt
1581 1161 1704 1198 propria
1723 1161 1846 1190 nomina

1070 1209 1325 1245 Archangelorum
1340 1230 1349 1243 ,
1374 1209 1442 1236 lieet
1464 1217 1570 1237 eorum
1592 1207 1846 1244 interpretationes

1069 1256 1133 1284 aliis
1148 1258 1217 1283 sunt
1230 1263 1403 1283 communes
1412 1265 1419 1290 ;
1436 1255 1489 1283 sed
1504 1263 1608 1283 eorum
1623 1255 1744 1291 propria
1758 1256 1825 1282 sunt
1835 1274 1845 1288 ‚

1070 1303 1140 1338 quia
1155 1302 1201 1329 his
1215 1302 1323 1330 horum
1336 1302 1493 1330 nominum
1507 1301 1762 1337 interpretationes
1776 1309 1846 1328 con-

1069 1350 1192 1377 veniunt
1227 1348 1427 1376 excellentius.
1463 1348 1584 1376 Michael
1615 1348 1823 1383 interpretatur
1835 1368 1844 1382 ,

1069 1396 1135 1429 Quis
1150 1398 1180 1422 ut
1197 1397 1286 1422 Deus?
1299 1395 1346 1422 hic
1367 1397 1410 1422 est
1427 1394 1464 1421 de
1484 1394 1588 1422 ordine
1610 1394 1844 1429 Principatuum,

1069 1445 1097 1469 et
1111 1442 1310 1469 attribuuntur
1326 1441 1352 1468 ei
1368 1443 1510 1477 quatuor,
1526 1440 1636 1468 scilicet
1655 1448 1717 1468 esse
1731 1447 1846 1476 praepo-

1069 1488 1156 1516 situm
1171 1487 1320 1524 paradisi,
1337 1487 1368 1514 id
1389 1490 1446 1521 est,
1463 1486 1612 1521 Ecclesiae,
1629 1487 1704 1514 sieut
1724 1488 1751 1514 et
1772 1486 1845 1514 olim

1069 1534 1123 1562 luit
1134 1534 1271 1570 princeps
1285 1535 1459 1570 Synagogze.
1477 1535 1545 1560 ltem
1557 1533 1670 1560 deferre
1685 1533 1798 1560 animas
1814 1532 1844 1560 in

1069 1581 1259 1616 paradisum;
1274 1580 1325 1608 sed
1341 1581 1398 1607 hoc
1413 1579 1576 1614 intelligas,
1587 1579 1670 1614 quod
1687 1579 1844 1613 gloriosius

1070 1627 1181 1654 deserat
1192 1635 1281 1662 quam
1293 1627 1353 1654 alii.
1367 1628 1448 1660 ltem,
1465 1633 1598 1661 pugnare
1614 1633 1682 1652 cum
1696 1625 1842 1660 dracone,

1069 1674 1100 1700 id
1123 1676 1182 1707 est,
1204 1673 1343 1706 diabolo,
1370 1673 1444 1699 sicut
1468 1672 1575 1706 legitur
1589 1671 1639 1698 ²in
1655 1671 1842 1707 Apocalypsi.

1071 1721 1155 1753 ltem,
1172 1719 1272 1746 venire
1287 1719 1317 1746 in
1331 1718 1512 1753 adjutorium
1529 1718 1641 1753 populo
1658 1719 1715 1745 Dei.

1105 1766 1220 1794 Gabriel
1236 1765 1442 1801 interpretatur
1454 1765 1589 1798 fortitudo
1608 1766 1664 1791 Dei.
1683 1764 1731 1791 llic
1749 1766 1791 1791 est
1805 1763 1842 1792 de

1070 1813 1170 1840 ordine
1183 1812 1451 1847 Archangelorum,
1467 1813 1496 1839 et
1513 1811 1635 1844 merito,
1651 1810 1721 1846 quia
1735 1818 1845 1846 magna

1070 1858 1265 1886 annuntiavit.

1106 1905 1235 1941 Raphael
1264 1905 1471 1940 interpretatur
1504 1904 1638 1931 medicina
1662 1905 1720 1938 Dei,
1751 1905 1779 1931 et
1803 1904 1845 1930 est

1070 1952 1107 1979 de
1131 1952 1235 1980 ordine
1264 1952 1407 1979 Virtutum
1427 1973 1435 1986 ‚
1461 1951 1532 1986 quia
1556 1950 1706 1978 mirabilia
1735 1956 1844 1984 magna

1069 1998 1144 2026 fecit.

1280 2049 1470 2081 CAPUT
1511 2049 1628 2081 XXI.

1332 2119 1369 2144 De
1387 2126 1449 2145 casu
1468 2118 1576 2151 Anqeli.

1105 2187 1209 2213 Omnes
1225 2184 1349 2219 angelos
1367 2183 1434 2210 fecit
1452 2184 1524 2210 Deus
1540 2183 1652 2216 bonos3
1668 2190 1728 2210 non
1743 2183 1842 2211 tamen

1070 2239 1217 2265 summOS,
1234 2230 1286 2257 sed
1299 2229 1414 2256 medios
1431 2229 1506 2256 inter
1520 2237 1671 2256 summum
1684 2229 1799 2256 bonum
1814 2231 1842 2256 et

1068 2278 1182 2305 honum
1209 2275 1433 2308 commutabile,
1458 2275 1540 2310 quod
1565 2277 1606 2302 est
1630 2278 1779 2310 creatura,
1801 2275 1841 2304 ita

1069 2324 1152 2360 quod
1174 2323 1197 2350 si
1218 2323 1456 2349 converterentur
1482 2321 1520 2348 ad
1545 2321 1708 2348 amandum
1731 2323 1839 2356 Deum,

1068 2371 1119 2407 qui
1135 2377 1224 2405 supra
1239 2377 1268 2396 se
1285 2370 1363 2402 erat,
1383 2367 1574 2395 ascenderent
1590 2368 1628 2395 ad
1650 2371 1755 2395 statum
1774 2376 1840 2402 gra-

1069 2417 1113 2444 tice
1135 2418 1162 2443 et
1177 2415 1296 2450 glorioe;
1320 2414 1343 2441 si
1363 2422 1434 2441 vero
1460 2416 1700 2441 converterentur
1724 2414 1762 2441 ad
1787 2414 1841 2441 bo-

1068 2471 1140 2491 num
1155 2460 1381 2494 commutabile,
1393 2460 1475 2496 quod
1491 2460 1544 2487 fuit
1559 2460 1634 2487 infra
1649 2469 1696 2494 se,
1707 2460 1763 2488 hoc
1776 2460 1841 2496 ipso

1068 2510 1186 2537 ruerent
1210 2508 1239 2534 in
1261 2507 1374 2534 malum
1398 2506 1491 2542 eulpoe
1516 2509 1543 2534 et
1564 2514 1674 2542 poenae,
1688 2507 1758 2542 quia
1778 2514 1841 2534 non

1067 2557 1110 2584 est
1124 2555 1254 2583 dedecus
1268 2553 1379 2589 peccati
1394 2553 1455 2581 sine
1471 2553 1577 2581 decore
1590 2553 1717 2588 justitioe.

1101 2648 1131 2676 (nt
1148 2645 1208 2667 Cael.
1227 2643 1287 2667 edit.
1303 2644 1342 2667 sit.
