2004 3037
1755 0 1827 17 stu„
1864 0 1870 2 >
1886 0 1909 6 ’ν

1826 23 1831 31 ι

190 251 250 284 316
767 265 770 271 ·
828 244 1165 279 CONFESSIONALE.

191 314 369 356 paniarchae
383 323 392 344 :
411 324 426 342 α
439 314 483 343 Ex
498 315 618 343 tuarum
631 315 734 343 tenore
746 313 911 343 litterarum
925 321 972 343 ac-

192 364 342 402 cepimus,
357 361 442 399 quod
455 362 488 390 V.
502 361 661 398 presbyter
683 368 753 390 cum
772 361 906 398 quodam
925 360 971 389 in-

190 411 264 440 fami
279 409 320 439 ad
331 409 484 447 privatum
496 408 599 438 locum
613 407 735 437 accessit
746 414 811 436 non
829 415 864 437 ea
877 407 973 436 inten-

192 458 288 493 tione,
302 458 336 485 ut
349 456 502 486 invocaret
519 454 704 484 daemonium
714 475 724 489 ,
738 454 794 483 sed
809 455 843 483 ut
860 454 973 491 inspec-

191 504 273 534 tione
299 502 452 532 astrolabii
470 523 481 538 ,
506 502 620 530 furtum
656 501 814 537 cujusdam
844 501 974 530 ecclesiae

192 552 294 589 posset
317 549 500 586 recuperari.
523 549 633 577 Verum
659 547 730 576 licet
749 548 809 576 hoc
833 555 871 576 ex
890 547 974 576 bono

193 598 274 633 zelo,
288 599 318 626 et
329 595 516 633 simplicitate
534 603 566 624 se
583 595 687 624 fecisse
700 596 868 632 proponat,
882 594 915 623 id
933 595 975 623 ta-

194 653 265 675 men
278 643 489 681 gravissimum
507 642 577 678 fuit,
593 643 622 670 et
641 650 705 670 non
728 641 882 671 modicam
904 641 976 670 inde

194 691 307 730 peccati
321 690 472 720 maculam
492 689 648 718 contraxit.
664 700 678 715 »ι
696 690 729 718 Et
749 688 850 718 infra:
869 699 883 715 α
895 690 977 717 Mau-

197 740 319 775 damus‚
337 739 485 775 quatenus
498 737 589 766 talem
603 737 630 765 ei
643 744 699 773 pro
714 736 883 773 expiatione
898 735 978 764 illius

197 786 296 816 delicti
308 784 513 822 poenitentiam
531 784 670 821 imponas
675 804 685 819 ‚
700 783 785 820 quod
798 791 852 819 per
866 790 980 812 annum

199 837 227 863 et
239 833 368 870 amplius
375 853 385 868 ,
400 832 426 860 si
439 831 494 860 tibi
507 831 606 860 visum
618 830 722 865 fuerit,
735 838 805 859 eum
819 829 858 859 ab
879 828 981 858 altaris

199 879 363 910 ministerio
385 878 540 916 praecipias
561 877 728 913 abstinere,
749 878 778 905 et
797 885 833 904 ex
851 878 922 905 tunc
946 875 982 904 li-

199 928 308 958 berum
331 926 388 956 sit¹
403 926 430 955 ei
458 933 595 954 exercere
624 924 758 953 officium
772 922 946 953 sacerdotis.
965 932 981 949 ι»

201 977 266 1005 Haec
280 982 388 1004 canon.

439 1051 618 1077 PARTlCULA
638 1051 749 1076 xxxix.

250 1114 286 1138 De
301 1111 454 1145 pcenitentia
467 1111 522 1143 ejus
537 1110 579 1136 cui
591 1117 636 1142 per
651 1107 835 1141 negligentiam
850 1107 944 1140 aliquid

419 1148 451 1173 de
465 1147 590 1180 sanguine
604 1145 773 1171 distillaverit.

243 1217 282 1243 De
299 1215 468 1247 consecra„
489 1210 677 1240 distinctione
692 1217 723 1244 n,
746 1216 783 1237 ex
803 1207 924 1236 decreto
947 1205 988 1235 Pii

208 1265 295 1299 Papae
311 1270 318 1289 ε
335 1271 349 1287 «ι
368 1260 396 1289 Si
417 1267 471 1296 per
490 1257 703 1294 negligentiam
726 1254 842 1291 aliquid
865 1254 903 1282 de
922 1261 988 1282 san-

210 1309 299 1346 guine
330 1307 445 1336 Domini
475 1305 629 1334 stillaverit
659 1304 690 1332 in
726 1305 833 1331 terram
846 1323 855 1336 ‚
887 1301 991 1336 lingua

209 1356 370 1390 lambetur,
379 1357 408 1383 et
422 1353 524 1382 tabula
530 1352 660 1381 radetur.
670 1351 697 1378 Si
708 1357 769 1378 non
779 1348 867 1377 fuerit
878 1347 991 1383 tabula,

212 1406 319 1432 utnon
341 1401 546 1435 conculcetur,
562 1400 646 1428 locus
667 1397 841 1426 corradetur
852 1418 862 1431 ,
877 1399 905 1424 et
923 1396 992 1431 igne

214 1451 414 1483 consumetur,
431 1450 458 1476 et
470 1447 544 1475 cinis
558 1447 635 1474 intra
649 1445 739 1473 altare
754 1443 949 1478 recondetur,
965 1443 994 1470 et

215 1496 354 1526 sacerdos
367 1494 567 1532 quadraginta
582 1493 689 1520 diebus
704 1491 846 1528 poeniteat
860 1492 880 1517 ².
896 1490 923 1518 Si
943 1497 993 1517 su-

215 1553 269 1582 per
294 1543 384 1572 altare
411 1541 565 1570 stillaverit
594 1540 671 1568 calix
683 1561 692 1574 ,
717 1539 837 1567 sorbeat
863 1537 995 1565 minister

217 1591 338 1625 stillam,
354 1592 381 1618 et
398 1589 492 1617 tribus
508 1588 614 1615 diebus
628 1586 776 1623 paeniteat.
793 1586 820 1613 Si
837 1592 926 1621 super
940 1584 996 1612 liu-

218 1643 298 1668 teum
311 1638 427 1672 altaris,
441 1636 518 1665 etad
534 1635 609 1664 illud
621 1634 699 1663 stilla
710 1633 888 1670 pervenerit,
902 1632 997 1660 tribus

218 1686 368 1723 poeniteat.
384 1685 411 1712 Si
431 1691 525 1720 usque
544 1682 582 1711 ad
604 1681 737 1716 tertium,
750 1688 859 1709 novem
880 1679 995 1708 diebus.

219 1735 246 1762 Si
260 1741 355 1769 usque
371 1731 410 1760 ad
423 1733 577 1767 quartum,
593 1729 695 1764 viginti
716 1728 823 1756 diebus
839 1727 996 1763 poeniteat3

221 1784 248 1809 et
261 1779 434 1809 linteamina
449 1786 514 1814 quoe
530 1777 656 1812 tetigerit
670 1775 761 1808 stilla,
775 1775 868 1802 tribus
882 1773 999 1801 vicibus

221 1828 354 1856 minister
368 1826 485 1859 abluat,
506 1824 596 1852 calice
621 1823 721 1850 subter
746 1821 859 1857 posito,
876 1822 903 1848 et
921 1828 1000 1855 aqua

222 1873 381 1902 ablutionis
392 1874 535 1906 sumatur,
547 1872 574 1898 ct
585 1871 668 1906 juxta
681 1869 771 1898 altare
787 1867 996 1896 recondatur.»

223 1922 289 1950 flaec
303 1927 409 1949 canon.

488 1981 666 2007 PARTICL'LA
686 1981 737 2005 XL.

316 2046 351 2069 De
366 2043 516 2076 poenitenti-i
531 2043 597 2074 rjus,
610 2042 653 2073 qui
668 2040 819 2065 sacrificium
834 2040 939 2064 evomit.

262 2113 298 2138 Dc
314 2112 462 2143 consecr„
477 2107 506 2135 d.
523 2115 553 2141 ιι,
571 2114 606 2134 ex
622 2105 811 2134 Poenitentiali
826 2103 910 2131 Bedoe
921 2110 1003 2139 pres-

225 2158 320 2195 bytcri
338 2167 344 2185 :
365 2169 377 2183 α
392 2157 420 2185 Si
447 2164 500 2193 per
524 2155 715 2187 ebrietatem,
737 2153 787 2180 vel
814 2151 1005 2180 voracitatem

226 2204 437 2234 Eucharistiam
461 2202 650 2235 evomuerit,
675 2199 875 2237 quadraginta
899 2198 1005 2225 diebus

226 2252 380 2288 poeniteat,
393 2251 415 2278 si
431 2251 524 2278 laicus
538 2252 591 2277 est.
608 2248 710 2276 Clerici
727 2247 774 2274 vel
789 2245 939 2280 monachi,
953 2252 1005 2272 seu

228 2298 364 2333 diaconi,
381 2295 604 2333 etpresbyteri,
621 2294 806 2330 septuaginta
823 2292 929 2320 dicbus
944 2299 1006 2327 poe-

229 2346 358 2380 niteant3
375 2343 507 2380 episcopi
530 2341 702 2376 nonaginta.
720 2341 748 2368 Si
763 2348 818 2375 pro
831 2337 1008 2366 infirmitatis

230 2400 319 2421 causa
342 2390 521 2423 evomuerit,
549 2390 661 2423 septem
686 2387 792 2415 diebus
826 2385 1003 2422 poeniteat.»

230 2440 293 2467 Haec
308 2445 414 2467 canon.

499 2500 677 2525 PARTtCL'LA
696 2499 759 2522 XL'.

280 2567 315 2590 De
332 2562 483 2596 pmnitentia
497 2562 560 2593 ejus,
577 2561 619 2592 qui
634 2560 812 2591 presbyterum
827 2557 960 2582 interfecit.

271 2631 378 2661 Extra„
395 2627 431 2655 dc
448 2628 526 2654 Poen.
549 2627 575 2652 et
599 2623 732 2656 nemiss,
748 2630 783 2649 ex
806 2619 932 2648 concilio
951 2620 1010 2646 lle-

269 2693 276 2708 1
301 2692 351 2715 {loe
376 2690 485 2719 iutelline
504 2689 599 2713 dictum
618 2694 650 2711 ex
669 2684 874 2716 dispensatione,
897 2689 956 2706 nam
979 2682 1010 2705 de

236 2728 290 2757 jure
307 2725 534 2749 ‹*·‘=ninn¹11id⁰buit
547 2729 678 2747 runaut-rc
695 2721 823 2751 wivariis,
837 2726 859 2743 c.
875 2718 1010 2749 episcop-:s

1025 313 1150 350 guntino
1165 321 1172 341 :
1191 321 1206 340 ι
1219 313 1275 348 Qui
1287 313 1496 350 presbyterum
1509 313 1668 351 occiderit,
1683 314 1801 344 duode-

1025 360 1085 390 cim
1097 367 1249 389 annorum
1261 360 1434 397 poenitentia
1446 359 1474 390 ei
1486 361 1653 390 secundum
1673 369 1803 391 canones

1025 408 1208 445 imponatur.
1229 417 1245 434 »ι
1267 408 1302 436 Et
1314 407 1414 436 infra:
1431 416 1448 434 ot
1470 407 1628 437 Convictus
1649 415 1745 445 usque
1763 409 1804 438 ad

1026 455 1168 483 ultimum
1187 456 1305 491 tempus
1321 454 1388 483 vitm
1408 462 1470 483 suoe
1487 454 1602 484 militiae
1619 453 1741 491 cingulo
1754 462 1805 484 ea·-

1026 504 1114 537 reat,
1137 503 1167 530 et
1186 501 1302 538 absque
1322 509 1376 539 spe
1398 501 1532 538 conjugii
1553 503 1684 531 maneat.
1704 511 1720 530 »
1741 502 1807 532 Eme

1029 556 1137 578 canon.

1292 591 1475 616 PARthtJLA
1491 591 1570 616 xcii.

1031 646 1070 671 De
1085 644 1240 682 poenitentia
1253 644 1400 670 beneficiati
1417 645 1450 670 ab
1464 644 1588 677 ecclesia,
1606 646 1651 678 qui
1664 647 1810 678 rectorem,

1103 681 1145 706 vel
1159 681 1282 706 clericum
1293 680 1373 706 alium
1384 681 1465 713 ipsius
1479 681 1597 707 ecclesiae
1611 682 1740 707 interficit.

1069 738 1179 772 Extra„
1192 737 1230 765 de
1243 737 1356 772 Poenis,
1371 737 1559 766 Innocentius
1572 739 1606 768 ill
1616 759 1626 774 ,
1638 739 1671 768 in
1685 738 1814 768 concilio

1034 783 1167 821 generali
1188 783 1269 821 (haec
1291 783 1448 813 decretalis
1475 785 1642 814 secundum
1664 786 1813 823 quosdam

1034 877 1128 914 tatur)
1138 887 1144 905 :
1158 887 1171 903 n
1182 878 1262 906 Sacri
1269 877 1464 906 nihilominus
1471 878 1590 907 concilii
1598 878 1815 916 approbatione

1037 924 1206 960 statuimus,
1222 926 1369 961 quatenus
1388 925 1413 953 si
1430 925 1569 962 patroni,
1589 925 1638 954 vel
1658 925 1814 961 advocati,

1038 979 1091 1000 seu
1105 971 1261 1000 feudatarii
1268 992 1278 1007 ,
1294 979 1348 1000 seu
1362 971 1558 1008 vicedomini,
1572 975 1623 1002 aut
1640 972 1691 1000 alii
1704 971 1817 1001 benefi-

1040 1018 1107 1047 ciati
1131 1017 1256 1054 alicujus
1280 1018 1409 1047 ecclesie
1431 1020 1578 1048 rectorem
1589 1040 1598 1054 ‚
1612 1019 1662 1048 vel
1677 1019 1818 1048 clericum

1040 1065 1134 1094 alium
1147 1065 1240 1102 ipsius
1254 1065 1398 1102 ecclesioe,
1414 1073 1468 1103 per
1480 1074 1526 1101 se,
1542 1066 1590 1094 vel
1604 1074 1658 1103 per
1677 1066 1752 1094 alios
1767 1073 1818 1094 oc-

1043 1112 1158 1146 cidere,
1170 1112 1219 1140 vel
1233 1112 1370 1141 mutilare
1385 1121 1460 1142 ausu
1479 1112 1611 1141 nefando
1625 1120 1821 1150 praesumpse-

1042 1159 1110 1194 rint,
1116 1159 1243 1196 patronij
1249 1162 1470 1196 uspatronatus.
1479 1159 1614 1188 advocati
1621 1159 1820 1195 advocatiam,

1043 1206 1201 1235 feudatarii
1228 1206 1353 1234 seudum
1363 1226 1373 1240 ,
1403 1206 1586 1234 vicedomini
1618 1206 1822 1235 vicedomina-

1044 1257 1123 1289 tum,
1135 1255 1163 1281 et
1172 1252 1340 1281 beneficiati
1352 1252 1530 1281 beneficium
1542 1260 1664 1289 prorsus
1678 1253 1821 1282 amittant.

1047 1303 1074 1329 et
1091 1307 1128 1328 ne
1142 1299 1241 1328 minus
1258 1299 1397 1336 vindict-5:
1411 1307 1505 1336 quam
1526 1308 1664 1328 excessus
1678 1300 1824 1328 memoria

1046 1348 1244 1384 prorogetur,
1258 1354 1319 1374 non
1334 1346 1433 1374 solum
1447 1346 1485 1374 de
1500 1347 1657 1382 praemissis
1670 1346 1745 1375 nihil
1759 1355 1826 1383 per-

1047 1394 1148 1422 veniat
1165 1394 1205 1421 ad
1219 1393 1366 1429 haeredes,
1381 1393 1435 1422 sed
1451 1394 1538 1422 etiam
1561 1402 1655 1431 usque
1679 1394 1718 1422 ad
1737 1402 1826 1430 quar-

1049 1442 1110 1469 tam
1125 1441 1359 1476 generationem,
1374 1440 1561 1476 posteritates
1575 1441 1681 1469 talium
1694 1441 1726 1469 iu
1739 1440 1825 1469 cleri-

1051 1495 1156 1516 corum
1175 1487 1335 1523 collegium
1355 1487 1526 1515 nullatenus
1547 1487 1760 1521 admittantur,
1773 1495 1828 1516 nec

1052 1534 1083 1562 in
1095 1534 1237 1562 domibus
1248 1534 1437 1569 regularibus
1452 1534 1577 1570 alicujus
1592 1534 1772 1570 praelationis
1784 1542 1830 1562 as-

1053 1584 1214 1618 sequantur
1227 1581 1391 1616 honorem,
1406 1581 1462 1609 nisi
1482 1589 1551 1609 cum
1565 1581 1608 1609 eis
1620 1580 1706 1610 suerit
1715 1581 1829 1610 miseri-

1053 1627 1182 1657 corditer
1197 1627 1398 1664 dispensatum
1409 1627 1428 1654 ³.
1446 1638 1460 1654 »
1477 1629 1541 1656 ilaec
1560 1635 1667 1657 canon.

1316 1707 1496 1731 PARTICL'LA
1514 1707 1602 1731 XLlll.

1224 1762 1259 1785 De
1277 1761 1427 1792 poeuiteutia
1444 1760 1669 1785 incendiariorum.

1092 1818 1202 1851 Extra„
1219 1816 1256 1845 de
1278 1816 1410 1852 1nJuriis,
1430 1824 1467 1844 ex
1490 1817 1678 1845 Poenz’tenctali
1691 1817 1809 1844 Romano
1824 1825 1831 1844 :

1062 1875 1074 1891 u
1089 1865 1118 1894 Si
1131 1865 1199 1901 quis
1213 1864 1340 1892 domum
1351 1863 1402 1892 vel
1416 1871 1517 1892 aream
1535 1863 1680 1899 quusque
1694 1862 1834 1890 volunta-

1058 1912 1100 1940 rie
1114 1911 1294 1945 iucendcrit,
1311 1910 1430 1938 sublata
1445 1912 1472 1938 ct
1494 1910 1615 1938 incensa
1634 1909 1736 1938 omnia
1754 1909 1835 1937 resti-

1059 1960 1138 1994 tuat,
1155 1961 1183 1986 et
1199 1961 1257 1986 tres
1271 1965 1366 1985 annos
1379 1957 1531 1994 poeniteat.
1548 1967 1562 1982 i»
1579 1958 1643 1985 llaec
1657 1963 1764 1984 canon.

1098 2007 1167 2033 item
1183 2005 1258 2032 alius
1273 2011 1385 2038 canon,
1401 2004 1438 2031 de
1451 2003 1519 2032 eod.
1538 2004 1638 2039 (xxiii,
1654 2011 1683 2039 q.
1699 2003 1776 2038 vm),
1791 2004 1838 2031 ln-

1061 2052 1189 2080 nocentii
1203 2053 1239 2086 ll,
1256 2051 1286 2078 in
1305 2051 1465 2078 universali
1480 2050 1607 2078 concilio
1624 2059 1630 2077 ε
1650 2060 1664 2076 (ι
1679 2050 1838 2078 Pessiinam

1061 2099 1211 2136 siquidem
1226 2100 1253 2126 et
1267 2097 1538 2134 depopulati-icem,
1555 2099 1583 2124 ct
1596 2096 1777 2125 horrendam
1791 2096 1838 2124 iu-

1063 2147 1283 2175 cendiarioruiu
1298 2146 1454 2179 maiitiam,
1470 2145 1643 2172 auctoritate
1664 2143 1712 2171 Dei
1727 2146 1754 2171 et
1768 2143 1839 2171 bea-

1063 2196 1161 2222 torum
1176 2193 1381 2228 apostolorum
1398 2192 1472 2220 Petri
1493 2194 1521 2219 ct
1541 2191 1622 2219 Pauli
1642 2190 1766 2218 omnino
1788 2189 1840 2217 de-

1064 2243 1204 2269 testamur
1228 2242 1255 2267 ct
1279 2239 1491 2266 interdicimus.
1517 2237 1544 2266 Si
1573 2237 1640 2273 quis
1662 2237 1751 2272 igitur
1774 2238 1841 2272 post

1063 2288 1152 2323 hujus
1177 2288 1284 2314 nostrae
1310 2284 1520 2321 prohibitionis
1548 2283 1817 2320 promulgationem
1829 2303 1838 2317 ‚

1064 2334 1144 2362 malo
1160 2332 1273 2366 studio,
1290 2331 1352 2359 sive
1369 2340 1423 2367 pro
1443 2331 1530 2364 odio,
1547 2331 1608 2358 sive
1623 2338 1678 2366 pro
1693 2328 1839 2362 vindicta,

1065 2381 1166 2416 ignem
1181 2379 1367 2415 apposuerit,
1383 2377 1430 2405 vel
1451 2377 1563 2413 apponi
1584 2376 1701 2409 feccrit,
1717 2376 1768 2402 aut
1787 2382 1839 2410 ap-

1065 2426 1245 2465 positoribus
1259 2424 1416 2452 consilium
1430 2424 1479 2452 vel
1493 2423 1638 2452 auxilium
1654 2422 1777 2450 scienter
1791 2421 1841 2449 tri-

1066 2473 1182 2508 buerit,
1202 2471 1490 2506 excommunicetur3
1505 2473 1534 2498 et
1555 2470 1580 2497 si
1602 2471 1737 2496 mortuus
1755 2468 1841 2496 fuerit

1063 2536 1120 2567 jure
1136 2536 1226 2558 contra
1241 2532 1310 2557 illum
1326 2532 1449 2563 processit
1466 2531 1519 2562 (26,
1535 2536 1559 2560 q.
1576 2535 1600 2560 v,
1617 2529 1671 2553 Non
1686 2531 1798 2560 oporle13
1813 2528 1841 2552 St

1066 2572 1123 2602 quis
1136 2570 1319 2601 episcop11cj.-
1335 2569 1342 2583 ²
1354 2569 1413 2592 llzec
1427 2566 1576 2598 poeuitentia
1590 2565 1646 2595 erit,
1662 2567 1689 2588 ut
1703 2567 1739 2589 tot
1751 2564 1840 2588 dicbus

1065 2607 1177 2637 jejunet,
1196 2607 1220 2629 et
1239 2606 1276 2628 tot
1296 2604 1385 2628 diebus
1405 2603 1528 2627 abstineat
1546 2608 1560 2625 a
1576 2600 1742 2631 perceptione
1757 2606 1840 2624 sacra-

1069 2644 1215 2666 mentorum
1234 2640 1305 2663 «list.
1323 2641 1361 2665 45,
1375 2647 1397 2663 c.
1414 2638 1519 2669 Quidam
1536 2637 1602 2660 enim
1621 2636 1650 2660 de
1664 2636 1841 2667 episcopis).—

1067 2680 1078 2695 a
1096 2678 1195 2702 §cilicet
1216 2676 1248 2699 ab
1271 2683 1410 2706 effstopo,
1431 2675 1488 2699 licet
1512 2674 1649 2698 honestum
1670 2673 1750 2701 esset,
1773 2670 1841 2702 quot

1069 2715 1139 2738 fier-Ji
1154 2712 1184 2736 de
1200 2712 1298 2735 licentia
1315 2713 1398 2742 l'upzr.
