2004 3037
257 175 295 204 76
586 172 847 206 COMPENDIUM
866 173 1128 208 THEOLOGICAE
1147 175 1374 210 VERITATIS.
1395 177 1472 210 LlB.
1498 177 1523 210 1.

255 241 375 276 pectum
396 239 502 268 habuit
519 239 559 268 atl
578 239 644 276 ipsa
662 241 785 277 negotia
802 251 810 270 :
828 238 908 280 'quia
927 243 1031 272 Ninive

255 287 455 316 subvertenda
470 289 532 316 erat
541 288 707 317 secundum
718 289 838 324 merita,
851 292 882 318 et
893 291 1031 319 Ezechias

255 334 416 362 moriturus
425 336 488 363 erat
499 335 663 364 secundum
673 344 778 364 causas
792 336 963 366 inferiores:
977 337 1030 366 sed

255 381 317 410 haec
331 390 392 410 non
405 382 612 420 imposuerunt
627 383 830 412 necessitatem
850 383 960 413 divinae
977 393 1030 422 po-

253 429 360 458 tentiae.

288 477 361 505 Item
371 478 430 505 tres
444 477 666 514 distinguuntur
682 479 797 514 motus,
819 478 931 507 scilicet
945 480 1030 507 natu-

253 523 342 559 ralis,
360 523 563 560 voluntarius,
578 527 612 556 ct
629 525 785 554 violentus.
808 525 954 554 Naturalis
967 527 1029 560 est,

253 579 315 608 quo
325 571 496 600 naturaliter
506 580 552 600 res
564 572 689 600 tendunt
699 572 739 601 ad
750 573 851 601 locum
861 572 1028 609 proprium.

252 620 346 648 Motus
366 620 466 647 autem
483 619 631 647 violentus
651 622 713 654 est,
737 619 860 656 quando
883 621 1031 655 coguntur

252 673 300 695 res
314 674 377 694 esse
391 668 473 694 extra
486 665 587 695 locum
601 666 766 703 proprium.
790 666 848 695 Sed
863 668 962 695 motus
975 675 1028 695 vo-

253 713 398 742 luntarius
412 715 454 742 est
467 713 499 741 in
512 713 695 748 hominibus,
710 714 758 742 vel
770 713 800 742 in
812 713 944 750 angelis:
958 721 1030 742 nam

253 759 341 789 bruta
360 760 532 789 naturaliter
555 763 722 793 moventur,
745 761 868 798 quando
890 763 1029 796 currunt,

253 807 300 835 vel
314 809 482 842 moventur,
496 807 544 836 vel
559 810 720 844 operantur
733 817 739 836 :
760 810 788 836 et
807 808 859 836 istc
874 810 973 836 motus
987 810 1031 837 est

253 854 370 882 medius
384 854 459 882 inter
469 854 637 883 naturalem
649 857 677 883 et
689 854 865 890 victentum,
881 855 953 891 quia
965 863 1030 891 par-

252 901 306 929 tim
319 903 362 929 est
375 901 536 936 naturalis,
557 901 667 930 scilicet
681 901 711 929 in
727 911 742 937 q
758 903 872 930 xantum
891 901 1030 930 voluntas

253 948 444 984 conjungitur
457 956 512 976 suo
525 949 619 984 actui,
635 949 710 976 sicut
726 966 728 969 -
741 956 813 977 cusa
827 956 882 976 suo
897 948 1011 976 effectui
1020 958 1027 983 ;

252 996 280 1022 et
293 994 401 1031 partim
415 997 458 1023 est
469 995 627 1030 violentus,
642 996 673 1023 in
689 1004 748 1031 qm
760 998 834 1022 itinn
849 994 958 1024 scilicet
970 1003 1030 1023 mo-

251 1044 356 1069 ventur
366 1042 502 1070 membra
512 1045 615 1070 contra
624 1044 739 1071 motum
750 1064 754 1069 .
766 1050 836 1069 uum
847 1043 1026 1071 naturalem:

250 1090 373 1124 propter
386 1089 470 1125 quod
480 1089 568 1117 etiam
580 1089 737 1124 lassantur,
754 1098 820 1125 «111oe
835 1097 870 1117 ex
882 1091 965 1117 motu
978 1098 1028 1118 na-

251 1135 338 1163 turali
353 1127 508 1172 nunquam
524 1136 713 1165 lassarentur.

288 1182 376 1217 lgitur
388 1183 486 1218 primo
501 1183 594 1211 modo
609 1185 707 1211 motus
722 1190 783 1211 non
798 1186 840 1211 e>t
852 1184 882 1211 in
895 1185 964 1218 Deo,
977 1184 1029 1212 sci-

250 1228 316 1257 licet
338 1229 501 1257 naturalis:
527 1232 555 1257 et
577 1230 634 1257 hoc
656 1229 800 1266 probatur
823 1238 877 1266 per
901 1233 1030 1266 quatuor

249 1275 387 1303 rationes.
408 1276 505 1304 Prima
523 1278 584 1309 est,
605 1276 676 1312 quia
699 1276 796 1304 omnis
817 1279 915 1304 motus
934 1277 1029 1305 estad

250 1322 381 1358 quictem
392 1344 400 1357 ,
426 1325 453 1351 et
475 1325 596 1359 propter
620 1323 815 1358 indigentiam
827 1345 834 1357 ‚
860 1323 935 1351 sicut
959 1323 1030 1352 dicit

250 1369 465 1406 Philosophus:
489 1370 541 1397 sed
566 1371 641 1398 Deus
662 1370 772 1397 nullius
793 1372 868 1405 eget.
894 1371 1029 1400 Secunda

249 1419 307 1451 est,
322 1424 389 1444 cnm
404 1417 440 1444 sit
453 1416 582 1453 ubique,
598 1424 660 1445 non
674 1417 765 1445 habet
779 1425 896 1445 necesse
911 1417 949 1445 ‹le
961 1418 1028 1445 loco

249 1463 289 1491 ad
303 1463 403 1491 locum
418 1464 542 1492 moveri.
556 1464 650 1492 Tertia
662 1467 720 1499 est,
736 1464 808 1501 quia
820 1472 881 1492 non
897 1465 980 1492 estin
993 1473 1028 1492 eo

249 1510 378 1545 gravitas
402 1510 449 1538 vel
470 1511 591 1545 levitas,
614 1514 735 1548 propter
756 1519 847 1546 quam
866 1519 983 1539 sursum
1003 1514 1030 1539 ct

250 1558 392 1585 deorsum
404 1560 568 1586 moveatur.
585 1559 693 1592 Quarta
708 1561 760 1592 est,
775 1558 859 1594 quod
875 1566 942 1585 cum
955 1560 1029 1585 Deus

249 1603 279 1631 in
301 1604 397 1639 scipso
418 1612 534 1640 semper
556 1607 692 1639 maneat,
718 1612 779 1632 non
802 1605 891 1632 habet
910 1613 1028 1633 neccsse

249 1649 349 1678 locum
361 1647 517 1686 proprium
528 1653 555 1678 ct
566 1651 621 1679 sihi
635 1652 800 1679 naturalem
813 1653 895 1679 extra
907 1660 937 1679 se
951 1661 1030 1687 ‹pne-

249 1705 312 1724 rere
324 1718 332 1731 ,
357 1697 432 1724 sicut
447 1699 483 1732 (a)
508 1700 658 1725 creatnrze.
684 1699 755 1726 ltem
779 1698 911 1725 secundo
936 1699 1027 1726 modo

249 1751 310 1771 non
325 1746 473 1777 movetur,
493 1744 602 1772 scilicet
617 1746 700 1772 motu
715 1744 845 1772 violento
859 1766 866 1778 ,
882 1745 952 1780 quia
967 1753 1028 1772 non

250 1791 281 1818 fit
296 1791 321 1818 ei
337 1790 478 1818 violentia
491 1800 498 1825 ;
513 1791 568 1818 Joh
581 1793 586 1807 ¹
603 1800 609 1818 ε
628 1792 659 1819 δι’
672 1792 809 1824 fortitudo
824 1794 967 1826 qureritur,
983 1801 1028 1819 ro-

250 1839 420 1865 bustissimus
440 1841 488 1864 est.
509 1839 578 1865 llem
596 1838 680 1866 tertio
697 1838 788 1865 modo
804 1846 864 1865 non
880 1841 1027 1872 movetur,

250 1885 360 1913 scilicet
371 1887 454 1913 motu
469 1885 650 1918 voluntario,
666 1885 736 1921 qnia
752 1886 782 1912 in
793 1893 882 1921 opere
897 1893 958 1913 non
971 1886 1028 1913 las-

250 1934 340 1966 satur,
366 1934 396 1959 ut
421 1932 570 1960 animalia.
597 1934 737 1959 l‘ra‘terea
762 1934 861 1960 nostra
885 1941 968 1960 mens
987 1936 1029 1961 cst

250 1978 394 2006 instabilis
406 2000 413 2013 ,
436 1979 507 2015 quia
522 1979 614 2006 morlo
630 1978 802 2014 proficimus
813 2000 821 2013 ,
841 1979 934 2007 modo
954 1979 1028 2007 deti-

251 2025 364 2059 cimus,
386 2025 479 2053 modo
503 2025 738 2060 reminiscimur,
762 2026 854 2054 modo
879 2026 1028 2054 oblivisci-

252 2080 329 2107 mur,
351 2072 442 2100 modo
462 2072 620 2107 volumus,
643 2071 736 2099 modo
756 2072 914 2107 nolumus,
935 2073 1028 2101 modo

253 2119 366 2146 diffusis
381 2119 609 2153 cogitationibus
620 2141 628 2154 ,
649 2121 736 2155 atque
756 2119 961 2147 affectionibus
972 2141 981 2154 ,
1002 2122 1029 2147 et

253 2166 382 2193 consiliis
396 2167 451 2194 huc
467 2168 554 2202 atque
571 2166 639 2193 illuc
652 2174 796 2201 vagamur
811 2176 816 2193 ε
841 2168 915 2194 Deus
931 2168 1028 2194 autem

252 2219 368 2247 semper
383 2220 412 2239 se
427 2213 517 2239 habet
530 2213 682 2248 {equaliter
697 2215 723 2239 ct
739 2213 942 2241 immobiliter.

288 2259 358 2285 ltem
374 2258 449 2285 alius
465 2261 506 2285 est
521 2261 619 2286 motus
635 2259 785 2286 circularis
796 2281 802 2292 ,
823 2259 898 2286 alius
913 2262 1008 2287 reclus
1020 2281 1028 2293 ,

252 2304 328 2332 alius
347 2304 496 2340 obliquus.
522 2304 676 2332 circularis
696 2308 738 2332 est
762 2314 922 2341 corporum
941 2315 1028 2342 supc-

251 2351 364 2378 riornm
378 2372 386 2385 ‚
410 2353 499 2386 prout
522 2351 742 2379 firmamentum
767 2355 903 2379 movetur
928 2361 1029 2380 sccun-

253 2397 325 2425 dum
348 2398 475 2425 formam
497 2397 639 2434 quidem,
665 2400 696 2426 ut
719 2398 790 2426 dicit
812 2398 1028 2434 Philosophus,

251 2452 313 2472 non
336 2444 500 2472 seeundum
524 2444 728 2472 substantiam.
761 2446 819 2472 lloc
844 2447 886 2472 est
909 2445 1026 2478 dicere,

253 2490 335 2526 quod
350 2498 411 2518 non
425 2493 562 2518 movetur
577 2491 615 2518 ad
631 2491 729 2518 locum
740 2513 747 2526 ,
763 2491 816 2519 sed
831 2491 862 2518 in
877 2491 953 2519 loco.
971 2493 1029 2519 Mo-

253 2540 297 2564 tus
312 2539 411 2565 autem
426 2539 520 2565 rectus
537 2545 654 2565 sursum
670 2540 712 2566 est
722 2558 732 2571 ‚
747 2537 793 2566 vel
809 2538 965 2573 deorsum,
982 2547 1027 2566 se·

286 2634 316 2664 (η)
333 2634 393 2659 Coet.
407 2635 467 2659 edit.
482 2636 603 2666 proemitt.
620 2635 684 2660 uliae.

1085 242 1219 272 cundum
1228 244 1313 281 quod
1321 252 1449 282 corpora
1458 245 1598 274 inferiora
1607 249 1765 276 moventur
1771 254 1861 284 prop-

1086 291 1129 318 ter
1146 290 1315 327 levitatem,
1335 291 1384 320 vel
1401 292 1587 328 gravitatem.
1610 293 1702 322 notus
1719 293 1861 331 obliquus

1085 338 1266 374 compositus
1279 340 1324 367 est
1336 346 1373 367 ex
1383 341 1463 367 recto
1475 341 1504 368 et
1513 339 1649 368 circulari
1663 349 1670 368 τ
1685 340 1766 370 unde
1777 341 1862 379 quod

1085 383 1253 420 reflectitur,
1267 385 1359 414 habet
1379 394 1398 414 a
1417 388 1499 414 motu
1514 386 1651 415 circulari
1659 396 1669 422 ;
1691 387 1777 423 quod
1788 396 1861 417 vero

1085 429 1230 459 linealiter
1243 431 1398 468 procedit,
1411 432 1534 462 habeta
1547 435 1638 462 recto.
1660 433 1747 462 Nullo
1761 436 1862 464 autem

1084 476 1209 506 istorum
1223 478 1385 507 modorum
1397 481 1535 508 movetur
1547 481 1632 514 Deus,
1647 480 1720 517 quia
1729 481 1862 517 proprie-

1085 525 1158 552 tates
1171 524 1295 553 istorum
1312 527 1449 554 motuum
1462 534 1524 555 non
1537 527 1718 555 conveniunt
1732 527 1769 555 ei.
1789 529 1863 556 Pos-

1084 578 1187 599 sumus
1201 574 1301 600 autem
1315 572 1413 601 dicere
1422 594 1432 607 ‚
1445 573 1531 609 quod
1544 573 1591 602 isti
1605 576 1704 602 motus
1721 575 1780 603 Deo
1793 582 1863 603 con·

1086 617 1207 646 veniunt
1224 619 1366 655 mystice,
1388 621 1419 648 ut
1437 619 1553 649 dicatur
1567 621 1683 649 moveri
1701 623 1785 649 motu
1804 621 1863 650 cir-

1085 664 1196 699 culari,
1220 665 1323 694 omnia
1344 667 1478 702 regendo
1500 669 1528 696 et
1549 668 1747 704 gubernando
1759 678 1767 704 ;
1792 668 1864 697 item

1084 713 1169 740 motu
1186 715 1286 748 recto,
1307 713 1406 742 bonos
1424 715 1646 743 remunerando
1657 725 1666 750 3
1688 715 1759 743 item
1779 717 1864 744 motu

1085 758 1228 795 obliquo,
1249 767 1405 796 perversos
1423 768 1442 789 a
1459 763 1582 797 peccato
1598 761 1785 790 mundando.
1807 764 1863 791 Eo-

1085 804 1155 832 dem
1178 806 1272 834 modo
1295 809 1394 842 posset
1417 807 1497 842 dici,
1522 807 1607 849 quod
1630 810 1704 837 Deus
1726 811 1864 837 movetur

1085 853 1168 879 motu
1183 852 1328 886 naturali,
1351 861 1413 889 quo
1428 853 1515 882 solita
1528 854 1640 883 scilieet
1651 855 1784 884 bonitate
1800 863 1863 884 om-

1085 898 1173 926 nibus
1193 899 1334 927 creaturis
1347 908 1402 936 pro
1417 902 1506 936 captu
1525 908 1627 930 earum
1645 909 1676 930 se
1696 901 1864 931 communi-

1085 947 1151 981 cat,
1173 945 1242 974 item
1257 949 1341 975 motu
1355 946 1486 976 violento
1498 969 1507 982 ,
1528 956 1590 984 quo
1606 951 1776 985 peccatores
1787 950 1864 986 Juste

1085 991 1209 1020 damnat
1218 1003 1225 1027 ;
1246 993 1316 1021 item
1330 995 1414 1022 motu
1428 994 1597 1023 voluntario
1608 1016 1617 1030 ‚
1638 1003 1699 1032 quo
1714 999 1819 1025 cuncta
1833 997 1864 1025 in

1086 1046 1148 1067 esse
1163 1042 1326 1068 conservat.
1348 1041 1392 1069 Sic
1407 1043 1502 1078 potest
1515 1042 1624 1078 exponi
1639 1042 1752 1071 dietum
1766 1043 1864 1072 Philo-

1085 1086 1191 1122 sophi,
1211 1087 1261 1123 qui
1283 1087 1443 1123 assignavit
1462 1090 1577 1116 motum
1599 1097 1617 1117 a
1636 1091 1737 1118 centro
1749 1111 1757 1125 ‚
1779 1092 1807 1119 et
1824 1090 1864 1120 ad

1054 1133 1058 1136 ⁴
1086 1135 1235 1167 centrum,
1251 1135 1279 1161 et
1293 1134 1371 1162 circa
1386 1137 1536 1171 centrum;
1553 1136 1697 1172 quoniam
1713 1137 1788 1165 Deus
1801 1145 1864 1166 mo-

1086 1182 1170 1208 vetur
1184 1180 1223 1208 ad
1238 1183 1372 1209 centrum
1391 1181 1422 1209 in
1442 1182 1643 1210 incarnatione
1654 1204 1662 1218 ‚
1682 1185 1711 1211 et
1728 1191 1746 1211 a
1764 1187 1864 1213 centro

1086 1225 1115 1254 in
1140 1227 1331 1262 ascensione,
1357 1230 1385 1255 et
1408 1229 1486 1256 circa
1509 1231 1642 1257 centrum
1667 1229 1698 1257 in
1722 1230 1864 1266 praedica-

1086 1273 1174 1301 tione.
1194 1275 1313 1310 Propter
1331 1274 1393 1302 hoec
1409 1275 1496 1303 ethis
1515 1275 1641 1310 similia,
1665 1276 1771 1304 dicitur
1786 1277 1816 1305 in
1831 1277 1865 1305 13-

1085 1320 1141 1348 l›ro
1156 1320 1350 1357 sapientie&
1371 1322 1493 1356 Spiritus
1508 1326 1617 1350 sanctus
1639 1326 1678 1350 est
1698 1325 1821 1356 mobilis,
1839 1328 1864 1351 et

1085 1368 1194 1395 stabilis
1207 1376 1217 1395 :
1232 1368 1370 1404 mobilis,
1387 1369 1458 1405 quia
1473 1369 1541 1398 facit
1555 1373 1672 1398 sanctos
1686 1371 1812 1399 mobiles
1824 1372 1863 1399 ad

1086 1413 1161 1442 bene
1175 1416 1378 1450 operandum,
1392 1419 1420 1444 et
1435 1416 1465 1444 in
1479 1417 1566 1445 bone
1575 1418 1737 1453 proficere3
1751 1418 1865 1447 stabilis

1086 1464 1184 1489 autem
1196 1483 1205 1496 ‚
1220 1462 1291 1498 quia
1304 1462 1354 1491 dat
1368 1463 1398 1490 in
1413 1463 1494 1491 bono
1510 1472 1700 1500 perseverare
1713 1474 1720 1492 ε
1738 1465 1785 1493 vel
1803 1474 1865 1494 mo-

1085 1507 1153 1535 bilis
1167 1508 1195 1536 in
1212 1508 1260 1536 via
1273 1530 1280 1542 ‚
1303 1509 1416 1537 stabilis
1438 1510 1468 1537 in
1488 1510 1603 1546 patria:
1628 1511 1675 1539 vel
1695 1512 1814 1539 mobilis
1835 1512 1864 1541 in

1086 1555 1188 1582 activis
1200 1576 1208 1589 ,
1228 1555 1340 1583 stabilis
1355 1556 1384 1583 in
1401 1557 1640 1592 contemplativis
1655 1567 1661 1585 :
1682 1558 1728 1586 vel
1743 1559 1864 1587 mobilis

1086 1601 1114 1629 in
1131 1602 1196 1629 aliis
1210 1603 1328 1636 sanctis,
1345 1603 1458 1630 stabilis
1473 1604 1502 1630 in
1518 1604 1650 1639 Christo;
1667 1605 1774 1632 Ι<ίιίιι53
1789 1614 1796 1633 1
1814 1607 1863 1633 Ite-

1085 1652 1200 1684 quiesset
1221 1658 1301 1685 saper
1320 1658 1378 1677 cnm
1401 1652 1516 1685 spiritns
1542 1652 1662 1686 Donn'w',
1687 1655 1741 1679 etc.
1767 1653 1863 1681 Scien-

1086 1696 1158 1723 dnm
1183 1696 1265 1732 qnod
1289 1696 1429 1732 quiedam
1455 1697 1640 1732 operationez
1664 1698 1864 1727 attribuuntur

1086 1744 1144 1770 Deo
1168 1743 1332 1771 sccnnihnn
1357 1743 1557 1771 causalitatem
1583 1746 1610 1772 et
1635 1745 1808 1780 essentiam,
1831 1748 1863 1775 ut

1085 1791 1172 1823 scire;
1190 1791 1328 1826 qnzcdain
1344 1791 1509 1818 seeundum
1524 1792 1743 1827 causalitatem,
1760 1795 1787 1821 et
1802 1801 1862 1821 non

1086 1838 1256 1871 essentiam,
1283 1841 1311 1864 nt
1339 1838 1497 1866 comedere
1518 1841 1546 1866 et
1566 1847 1702 1873 currere3
1726 1840 1862 1875 quiPd-'llll

1081 1884 1249 1912 secundum
1269 1885 1444 1919 essentiam,
1465 1887 1493 1912 et
1511 1893 1572 1913 non
1595 1886 1813 1921 causalitatem,
1833 1889 1864 1915 nt

1085 1939 1184 1959 creare
1204 1933 1231 1959 et
1250 1932 1429 1966 justitieare3
1456 1932 1594 1968 quandam
1617 1932 1809 1966 auctoritne,
1834 1936 1863 1961 nt

1086 1977 1193 2006 (locere
1209 1981 1236 2006 ct
1251 1978 1431 2014 praedicati-m
1449 1979 1590 2014 quiedam
1604 1987 1658 2006 nec
1673 1979 1725 2014 sic,
1742 1987 1797 2008 uec
1811 1981 1862 2015 sic,

1086 2027 1117 2052 ut
1131 2033 1252 2061 peccare
1264 2046 1272 2060 ‚
1291 2028 1317 2053 et
1331 2025 1468 2060 mentiri,
1485 2028 1513 2053 et
1527 2026 1710 2061 hujusmodi.

1353 2119 1496 2152 CAPUT
1521 2119 1595 2152 XX.

1314 2191 1351 2217 De
1375 2191 1557 2225 Simplicitate
1579 2191 1634 2217 Dei.

1122 2258 1251 2294 Simplex
1273 2261 1315 2286 est
1337 2260 1428 2292 lleuS,
1447 2261 1474 2286 et
1494 2258 1617 2293 angelus
1635 2261 1661 2286 ct
1677 2259 1795 2294 anima,
1812 2259 1864 2288 sed

1087 2305 1274 2333 differenter:
1299 2304 1370 2340 qnia
1385 2305 1414 2331 in
1431 2306 1489 2332 Deo
1505 2304 1585 2332 idem
1601 2308 1643 2332 est
1662 2306 1744 2341 quod
1760 2309 1802 2334 est
1813 2327 1820 2340 ,
1837 2309 1864 2334 et

1087 2360 1148 2388 quo
1166 2354 1228 2379 est:
1252 2353 1280 2378 et
1291 2351 1352 2378 haec
1376 2353 1419 2378 est
1439 2350 1567 2386 perfecta
1590 2351 1771 2387 simplicitas.
1797 2354 1863 2380 Ber-

1087 2398 1216 2426 nardus'*
1231 2407 1237 2425 ι
1256 2408 1269 2423 «
1285 2399 1347 2425 llaee
1364 2397 1427 2424 sola
1446 2397 1576 2425 increata
1591 2400 1695 2426 natura
1716 2398 1792 2426 hanc
1807 2399 1863 2427 sihi

1087 2445 1224 2473 vendicat
1236 2444 1470 2480 simplicitatem,
1493 2446 1524 2471 ut
1545 2452 1606 2472 non
1621 2444 1702 2472 aliud
1718 2447 1745 2472 et
1760 2445 1842 2473 aliud
1854 2467 1862 2480 ,

1088 2492 1160 2519 alibi
1175 2493 1203 2519 ct
1217 2490 1306 2524 alibi,
1326 2490 1418 2518 modo
1434 2493 1461 2518 et
1476 2490 1568 2518 modo
1583 2491 1749 2519 inveniatur
1763 2492 1794 2519 in
1807 2500 1841 2520 ea
1856 2502 1862 2520 :

1088 2546 1194 2574 nempe
1211 2537 1294 2573 quod
1308 2537 1397 2565 habet
1412 2539 1439 2565 et
1454 2537 1537 2573 quod
1552 2540 1612 2571 est,
1629 2546 1746 2574 semper
1762 2541 1789 2566 et
1804 2547 1864 2568 uno

1121 2600 1250 2631 ¹J011,1x‚
1268 2602 1303 2624 ¹9.
1319 2614 1344 2618 —
1362 2601 1370 2615 ²
1385 2601 1454 2630 Sap..
1471 2606 1519 2625 vn.
1538 2601 1577 2630 22,
1590 2601 1629 2625 253.
1644 2613 1670 2618 -
1689 2601 1823 2633 ³1s0.‚x1‚
1843 2604 1864 2626 t.

1089 2650 1118 2655 -
1134 2637 1141 2651 ⁴
1157 2637 1243 2666 Bere„
1260 2636 1285 2659 ιἰι
1301 2635 1385 2664 Cant„
1400 2641 1478 2660 serm.
1495 2640 1573 2666 Lux,
1589 2637 1647 2666 post
1661 2636 1729 2660 med.
