2004 3037
271 192 332 224 608

306 256 426 294 Scripsit
433 255 507 286 rehu
521 255 642 291 litteras,
653 256 683 284 et
695 253 774 283 misit
786 252 818 281 in
831 252 998 281 Samariam
1011 250 1051 279 ad

271 304 428 343 optimates
441 302 577 338 civitatis,
591 304 659 337 etc.,
669 300 790 330 dicens:
805 308 819 326 u
833 298 936 335 Eligite
947 297 1051 327 melio-

270 360 345 388 rem,
368 353 397 380 et
419 359 489 380 eum
514 357 606 387 quem
632 348 720 378 vobis
742 346 889 385 placuerit
916 346 954 375 de
982 345 1052 374 filiis

271 397 387 427 domini
413 398 520 433 vestri,
549 398 578 426 et
601 395 703 433 ponite
731 402 802 423 eum
828 401 918 430 super
941 388 1052 420 solium

269 445 363 482 patris
380 445 444 480 sui,
462 446 491 473 et
512 445 646 481 pugnate
663 450 720 480 pro
739 441 833 471 domo
853 439 969 470 domini
987 446 1053 467 ves-

270 492 317 521 tri.
332 503 346 520 »
366 493 398 521 iv
414 493 493 527 Κεφ,
509 499 544 525 x,
558 492 586 520 3.

306 539 483 575 Congregati
497 540 566 567 sunt
581 545 686 566 omnes
701 535 790 565 amici
811 534 911 570 Iudae,
927 535 956 562 et
969 533 1052 562 dixe-

270 588 339 615 runt
351 586 484 615 Jonathm
500 595 507 614 :
526 594 540 612 α
555 587 596 614 Ex
611 592 672 622 quo
687 583 776 612 frater
788 585 855 611 tuus
868 582 959 610 ludas
972 588 1053 609 mor-

270 636 338 663 tuus
352 635 409 668 est,
423 633 470 661 vir
487 632 592 661 similis
613 639 673 660 non
691 632 735 660 est
753 630 795 664 ei;
814 636 895 657 nunc
909 628 1010 664 itaque
1024 628 1053 656 te

271 680 415 717 elegimus
432 679 523 708 hodie
540 687 596 716 pro
618 686 654 707 eo
679 685 742 706 esse
759 675 849 705 nobis
863 675 1030 712 principem
1041 695 1050 709 ,

271 729 300 756 et
325 727 434 756 ducem
457 726 498 755 ad
522 725 699 755 bellandum
726 723 842 753 bellum
864 724 1011 751 nostrum.
1034 731 1049 749 a

271 776 281 805 l
296 775 400 809 Maeli„
414 782 459 809 ix,
474 775 520 802 30.

312 822 455 851 «vocavit
475 820 617 850 Dominus
639 821 723 848 lesus
743 817 907 855 discipulos
921 825 992 846 suos
1003 838 1012 852 ,
1026 818 1055 845 et

272 870 361 906 elegit
390 868 550 897 duodecim
577 875 613 896 ex
635 867 721 904 ipsis,
750 873 827 903 quos
848 867 876 893 et
897 864 1054 901 Apostolos

273 917 436 955 appellavit
451 925 458 944 :
471 916 620 945 Simonem
631 921 745 952 „quem
762 911 986 949 cognominavit
1005 913 1054 940 Pe-

272 967 368 999 trum,
383 974 397 991 »
416 965 470 992 ete.
486 964 566 994 Luc„
578 970 623 997 vi,
643 962 676 990 ¹3
692 963 718 989 et
732 968 794 997 seq.

309 1013 376 1041 Post
401 1010 606 1039 ascensionem
629 1008 765 1042 Domini,
786 1005 924 1044 discipuli
945 1008 1053 1034 statue-

272 1061 342 1088 runt
365 1059 461 1094 duos,
481 1057 611 1094 soseph‚
637 1058 665 1085 et
687 1054 859 1088 Matthiam,
883 1056 911 1082 et
936 1055 1055 1081 orantes

273 1106 412 1135 dixerunt
431 1115 437 1134 :
456 1116 470 1132 a
483 1108 524 1134 'l'u
535 1125 544 1139 ,
561 1103 702 1137 Domine,
717 1102 768 1139 qui
788 1100 865 1130 nosti
880 1099 973 1128 corda
991 1107 1054 1127 om·

272 1154 367 1187 nium,
394 1153 517 1182 ostende
541 1160 632 1189 quem
657 1150 781 1186 elegeris
805 1157 842 1178 ex
865 1148 912 1176 his
935 1147 1055 1176 duobus

272 1209 384 1235 unum,
405 1201 539 1237 accipere
567 1199 599 1227 in
619 1198 720 1226 locum
740 1195 892 1225 ministerii
913 1195 1001 1230 huJus
1028 1196 1056 1222 et

273 1248 467 1286 apostolatus,
483 1257 497 1273 »
520 1249 573 1274 etc.
588 1247 663 1280 Act„
681 1254 700 1279 i,
715 1246 751 1273 24
767 1247 794 1272 et
809 1245 854 1271 25.

307 1297 408 1324 Sermo
420 1302 510 1331 quem
521 1293 660 1321 dixerunt
672 1291 815 1328 Apostoli,
829 1289 962 1327 «placuit
971 1288 1053 1317 omni

272 1342 454 1373 multitudini
478 1350 484 1369 :
514 1342 542 1369 et
569 1340 721 1375 elegerunt
744 1337 929 1374 Stephanum
955 1337 1054 1364 virum

272 1391 396 1428 plenum
406 1389 466 1418 fide
477 1391 504 1417 et
513 1388 620 1424 Spiritu
630 1389 743 1422 saneto,
751 1388 779 1414 et
788 1385 989 1422 l'hilippum,»
999 1386 1052 1412 etc.

274 1439 352 1473 Act„
367 1445 408 1471 vr,
425 1438 452 1465 5.

309 1483 538 1514 Ministrantibus
553 1480 706 1517 discipulis
722 1480 864 1514 Domino,
880 1481 907 1507 et
919 1479 1056 1514 jejunan-

276 1532 372 1567 tibus,
390 1531 464 1560 dixit
485 1530 543 1558 illis
563 1529 686 1565 Spiritus
701 1530 838 1556 sanctus:
863 1536 876 1552 α
899 1526 1056 1561 Segregate

274 1580 346 1608 mihi
366 1579 490 1607 Paulum
515 1579 543 1605 et
562 1575 728 1605 barnabam
748 1575 777 1602 in
805 1581 891 1610 opuS‚
911 1572 950 1601 ad
972 1571 1055 1608 quod

275 1626 421 1663 assumpsi
436 1634 497 1655 eos.
514 1636 526 1652 »
545 1627 621 1658 Act„
637 1631 698 1658 xiii,
715 1625 741 1651 2.

550 1719 694 1754 CAPUT
723 1718 776 1752 CI.

405 1797 442 1823 De
461 1795 536 1822 bonis
558 1791 729 1827 Principibus
749 1792 773 1817 ct
793 1789 927 1816 Proelatis.

311 1867 408 1893 Bonus
426 1863 563 1900 praelatus
582 1862 696 1897 Moyses
716 1858 864 1887 multoties
884 1855 1002 1884 intravit
1017 1854 1056 1882 ad

274 1913 459 1942 Pharaonem
474 1918 529 1947 pro
547 1916 636 1937 causa
651 1906 767 1943 populi,
787 1907 819 1932 ut
834 1912 903 1932 eum
917 1903 1057 1931 liberaret

276 1961 313 1989 de
328 1959 500 1996 ,egyptiaca
517 1956 666 1985 servitute.
683 1953 790 1988 Eroti„
805 1960 849 1987 vi,
866 1959 922 1987 vu,
939 1957 991 1978 vui
1003 1971 1010 1984 ‚
1027 1957 1056 1976 ix

276 2010 304 2037 ct
317 2016 345 2036 x.

311 2053 457 2091 Populum
482 2052 632 2081 timentem
654 2047 830 2078 confortavit
854 2048 987 2082 Moyses,
1010 2043 1056 2072 di-

276 2110 364 2130 cens:
385 2112 398 2128 ιι
417 2100 510 2129 Nolite
535 2099 636 2126 timere
649 2118 657 2132 ‚
683 2095 822 2124 Dominus
842 2092 988 2130 pugnabit
1002 2098 1057 2127 pro

275 2149 378 2183 vobis,
402 2150 430 2175 et
451 2155 505 2175 vos
525 2145 667 2174 tacebitis,
698 2153 711 2168 ι)
739 2144 792 2170 Ore
818 2140 941 2177 quidem
965 2138 1057 2166 verba

276 2195 409 2229 dicebat,
431 2193 485 2221 scd
505 2192 595 2222 corde
618 2190 777 2219 Dominum
802 2187 962 2221 exorabat,
984 2185 1059 2213 sicut

276 2243 400 2279 apparet
413 2240 468 2275 ibi,
485 2240 586 2273 Erod„
600 2245 661 2271 xiv,
676 2239 720 2265 14.

311 2287 465 2317 Clamabat
484 2294 540 2322 pro
559 2284 675 2321 populo
694 2284 809 2318 Moyses
824 2281 863 2310 ad
887 2278 1058 2313 Dominum,

278 2334 401 2371 quando
434 2332 642 2362 murmurabat
680 2329 811 2367 populus
844 2330 946 2356 contra
977 2333 1056 2354 eum.

278 2382 379 2416 Eroti„
394 2388 441 2410 xv.

314 2428 419 2457 Omnia
451 2426 541 2455 debet
567 2426 739 2460 retorquere
773 2422 813 2450 ad
841 2422 933 2449 Deum
961 2419 1059 2447 bonus

279 2477 416 2506 Proelatus
428 2484 434 2503 :
446 2474 527 2502 unde
541 2472 659 2500 dicebat
674 2473 804 2505 MoyseS‚
822 2468 925 2502 Erocl„
942 2474 1000 2501 xvi,
1019 2468 1034 2493 8
1050 2474 1056 2493 ε

282 2535 295 2549 «
318 2525 376 2552 Nec
399 2523 502 2550 contra
530 2528 585 2548 nos
609 2521 651 2547 est
673 2524 809 2546 murmur
835 2517 984 2547 vestrum,
1006 2513 1059 2541 sed

281 2574 383 2600 contra
396 2568 554 2598 Dominum
569 2576 575 2594 :
591 2574 646 2594 nos
661 2564 741 2593 enim
755 2563 830 2599 quid
844 2570 946 2590 sumus
957 2563 970 2588 ⁷?
982 2571 995 2587 n

316 2619 390 2646 Cum
415 2616 562 2652 pugnaret
585 2611 725 2642 Amalech
745 2613 847 2638 contra
870 2608 973 2643 lsrael,
997 2614 1059 2635 non

281 2664 334 2694 ivit
346 2665 460 2700 Moyses
474 2661 515 2692 ad
525 2659 671 2698 praelium,
689 2657 741 2688 sed
750 2659 864 2687 tantum
879 2655 958 2685 misit
972 2656 1060 2684 Josue

884 181 1019 216 BlBLlA
1041 179 1272 215 PAUPERUM.

1105 249 1254 279 famulum
1267 256 1376 283 suum,
1395 250 1423 278 et
1441 250 1540 278 temen
1559 249 1622 278 erat
1639 256 1677 278 ex
1693 249 1776 286 parte
1793 247 1887 288 ipsius

1103 295 1299 333 justissimum
1311 294 1436 324 bellum.
1453 296 1518 332 lpse
1539 303 1612 324 vero
1633 297 1714 325 stans
1732 295 1764 325 in
1777 296 1886 327 vertice

1106 343 1227 378 montis,
1251 342 1291 371 ad
1316 341 1467 372 orandum
1489 342 1649 372 Dominum
1671 350 1703 372 se
1731 343 1886 373 convertit.

1107 390 1211 426 Emod„
1226 397 1296 419 ινιτ.

1142 439 1319 466 Recessurus
1343 438 1458 474 Moyses
1483 445 1502 466 a
1524 437 1655 474 populo,
1679 439 1708 466 et
1730 437 1826 467 iturus
1848 438 1888 468 ad

1106 486 1256 520 montem,
1278 483 1376 512 bonos
1396 483 1524 513 vicarios
1547 483 1724 521 dereliquit,
1749 484 1890 515 videficet

1107 534 1205 560 Aaron
1219 534 1248 560 et
1260 533 1307 560 Ur.
1318 531 1420 566 Exod„
1433 539 1512 560 xxiv.

1143 578 1306 607 Videbatur
1326 578 1468 606 Dominus
1490 577 1567 606 velle
1586 577 1770 608 confundere
1790 587 1889 617 popu-

1107 626 1172 654 lum
1194 627 1397 663 peccatorem,
1417 627 1445 654 et
1458 625 1650 662 promittebat
1663 634 1808 662 magnum
1832 628 1890 656 sta-

1108 675 1183 708 tum,
1196 672 1245 701 vel
1268 673 1416 701 honorem
1438 671 1514 708 ipsi:
1531 674 1560 701 et
1582 674 1682 702 tamen
1704 675 1819 710 Moyses
1833 682 1889 711 pro

1108 719 1223 756 populo
1233 719 1414 747 incessanter
1428 718 1543 754 orabat,
1557 720 1659 755 Επεὶ,
1673 728 1765 749 xxxii.
1779 721 1814 750 Et
1828 729 1890 750 non

1108 768 1190 796 tanta
1203 766 1357 795 severitate
1373 765 1522 802 populum
1536 766 1670 803 punivit,
1684 775 1740 805 pro
1753 776 1815 805 quo
1828 770 1889 798 tam

1109 813 1250 842 instanter
1265 812 1370 842 oravit.
1570 807 1573 811 '
1822 817 1837 850 ζ

1144 863 1258 898 Moyses
1273 859 1422 888 distribuit
1436 859 1541 888 Levitis
1560 859 1722 890 duodecim
1737 861 1849 897 boves,
1863 863 1893 890 et

1109 916 1159 936 sex
1175 907 1318 945 plaustra,
1335 915 1401 944 quae
1412 906 1582 935 obtulerant
1595 907 1743 945 principes
1757 908 1891 937 tribuum

1109 955 1238 984 filiorum
1259 954 1362 989 lsrael;
1382 954 1435 982 sed
1455 954 1572 983 nullum
1592 954 1675 984 dedit
1692 955 1761 984 filiis
1783 955 1891 990 caath,

1109 1003 1177 1031 licet
1195 1004 1291 1030 essent
1309 1001 1336 1030 ei
1358 1001 1454 1037 magis
1472 1002 1651 1039 propinqui,
1671 1003 1742 1039 quia
1761 994 1891 1040 propi-iis

1108 1049 1240 1078 humeris
1252 1056 1345 1077 onera
1360 1050 1479 1084 portare
1494 1048 1655 1077 debebant.
1672 1050 1768 1085 Num„
1782 1057 1833 1078 vn.

1146 1095 1337 1124 Desiderabat
1353 1096 1482 1132 Moyses,
1501 1096 1585 1132 quod
1599 1104 1703 1125 omnes
1723 1096 1760 1124 de
1774 1096 1890 1133 populo

1108 1143 1336 1181 prophetarent,
1361 1143 1429 1172 licet
1451 1143 1550 1172 honor
1572 1152 1644 1173 suus
1664 1144 1694 1173 in
1715 1145 1774 1174 hoc
1795 1145 1890 1174 minui

1109 1191 1273 1219 videretur.
1284 1192 1380 1225 Num„
1393 1197 1433 1219 xi.

1145 1241 1212 1267 Post
1237 1239 1367 1267 reditum
1391 1238 1630 1275 exploratorum,
1653 1239 1727 1268 dixit
1750 1240 1891 1269 Dominus

1110 1286 1148 1314 ad
1164 1287 1295 1322 Moysen,
1306 1287 1400 1321 Num„
1418 1294 1477 1320 xiv,
1496 1287 1524 1314 il
1541 1295 1548 1314 ε
1567 1296 1580 1313 α
1592 1287 1751 1323 Usquequo
1767 1286 1892 1316 detrahit

1110 1333 1183 1362 mihi
1198 1333 1328 1369 populus
1338 1333 1412 1361 iste?
1427 1333 1541 1361 Feriam
1551 1333 1640 1369 igitur
1653 1342 1704 1362 eos
1715 1334 1889 1370 pestilentia,

1110 1382 1137 1408 te
1153 1383 1252 1408 autem
1274 1380 1379 1408 faciam
1399 1379 1565 1417 principem
1586 1389 1675 1417 super
1697 1384 1814 1417 gentem
1828 1389 1889 1410 ma·

1111 1435 1202 1463 gnam
1219 1429 1246 1455 et
1261 1427 1429 1462 fortiorem,
1445 1435 1537 1463 quam
1551 1427 1613 1455 haec
1624 1430 1675 1456 est.
1690 1438 1704 1455 »ι
1724 1427 1780 1456 Sed
1795 1427 1892 1456 noluit

1110 1477 1224 1511 Moyses
1242 1474 1281 1503 ad
1297 1474 1443 1509 maj0rem
1457 1474 1661 1510 praelationem
1675 1474 1835 1503 transferri.

1147 1524 1288 1550 Pereunte
1311 1521 1424 1558 populo
1446 1529 1501 1557 pro
1522 1529 1674 1550 murmure
1695 1525 1723 1550 et
1746 1522 1890 1557 tumultu,

1111 1578 1187 1606 quos
1208 1568 1356 1597 iaciebant
1375 1570 1476 1596 contra
1496 1570 1615 1605 Moysen
1636 1571 1664 1597 et
1686 1571 1802 1604 Aaron,
1818 1569 1892 1598 dixit

1110 1619 1222 1653 Moyses
1233 1615 1271 1644 ad
1282 1619 1395 1644 Aaron:
1412 1626 1425 1641 α
1437 1615 1519 1644 Tolle
1534 1616 1730 1650 thuribulum,
1743 1618 1772 1645 et
1785 1617 1890 1644 hausto

1110 1665 1178 1699 igne
1195 1663 1232 1691 de
1247 1663 1332 1691 altari
1349 1663 1431 1690 mitte
1449 1662 1620 1697 incensum,
1635 1671 1761 1699 pergens
1779 1663 1836 1691 cito
1851 1663 1890 1691 ad

1110 1711 1271 1748 populum,
1284 1714 1315 1738 ut
1327 1719 1413 1745 roges
1429 1718 1483 1746 pro
1499 1710 1550 1743 eis,
1561 1720 1574 1736 »ι
1591 1713 1644 1738 etc.
1656 1712 1751 1746 Num„
1767 1719 1828 1744 xvi,
1843 1712 1888 1739 46.

1110 1765 1127 1794 γ,
1147 1759 1302 1787 Moriturus
1318 1759 1431 1792 Moyses
1449 1756 1572 1785 sollicite
1592 1758 1707 1792 rogavit
1722 1758 1890 1793 Dominum,

1111 1807 1143 1833 ut
1157 1804 1271 1841 populo
1291 1804 1328 1831 de
1345 1803 1420 1831 duce
1435 1803 1545 1831 idoneo
1565 1803 1752 1839 provideret;
1773 1803 1891 1832 nullum

1111 1859 1181 1880 vero
1196 1851 1226 1878 in
1248 1849 1368 1886 speciali
1390 1849 1485 1878 voluit
1507 1850 1672 1878 nominare.
1688 1851 1788 1884 Num,
1803 1858 1890 1879 xxvii.

1150 1908 1164 1924 (ι
1183 1896 1307 1926 Servivit
1332 1895 1420 1924 lsrael
1440 1896 1564 1924 Domino
1585 1896 1696 1924 cunctis
1720 1896 1826 1925 diebus
1844 1898 1892 1925 Jo-

1112 1953 1180 1980 sue,
1202 1957 1214 1969 n
1237 1947 1291 1972 etc.
1309 1945 1406 1971 Bonus
1425 1943 1505 1971 enim
1524 1943 1661 1980 praelatus
1681 1943 1805 1972 multum
1821 1952 1889 1973 con-

1112 1992 1167 2020 fert
1181 1991 1220 2020 ad
1241 1990 1388 2027 populum
1402 1990 1433 2018 in
1447 1998 1539 2018 manu
1559 1991 1675 2019 Domini
1690 1990 1890 2027 dirigendum.

1111 2040 1207 2072 Josue,
1224 2046 1305 2072 xxiv,
1321 2039 1366 2065 3¹.

1150 2085 1268 2113 Samuel
1287 2083 1442 2120 judicabat
1465 2083 1569 2118 lsrael,
1589 2085 1617 2111 et
1636 2083 1697 2112 ibat
1717 2084 1894 2113 circumiens

1114 2132 1223 2167 Bethel,
1236 2134 1264 2160 et
1278 2131 1409 2166 calgala,
1422 2133 1449 2158 et
1462 2130 1623 2166 Masphatii,
1638 2133 1670 2158 ut
1683 2131 1829 2167 homines,
1841 2131 1893 2168 qui

1114 2187 1150 2208 eo
1166 2178 1358 2214 indigebant,
1374 2177 1489 2205 facilius
1506 2177 1545 2205 ad
1560 2185 1629 2206 eum
1649 2180 1770 2214 possent
1783 2178 1892 2207 habere

1114 2235 1275 2257 accessum.
1293 2228 1301 2254 l
1315 2227 1392 2260 Rea„
1407 2232 1455 2252 vu.

1151 2275 1224 2303 Dixit
1239 2273 1357 2301 Samuel
1374 2272 1413 2300 ad
1428 2272 1575 2308 populum
1590 2281 1596 2300 :
1618 2282 1632 2299 α
1650 2272 1730 2300 Absit
1743 2280 1761 2300 a
1774 2279 1822 2300 me
1837 2272 1894 2300 hoc

1114 2324 1280 2359 peccatum,
1296 2322 1327 2347 ut
1338 2327 1448 2347 cessem
1459 2327 1514 2355 pro
1527 2319 1614 2346 vobis
1627 2327 1723 2353 orare,
1737 2320 1765 2347 et
1776 2318 1892 2347 docebo

1115 2377 1170 2398 vos
1181 2368 1262 2395 viam
1278 2369 1399 2401 rectam,
1416 2369 1443 2394 et
1459 2366 1582 2394 bonam.
1599 2377 1612 2391 ν)
1631 2367 1729 2401 ΙΙίεῃ.,
1745 2374 1795 2401 xii,
1810 2367 1854 2393 23.

1151 2415 1259 2443 Videns
1280 2413 1372 2441 David
1397 2413 1542 2448 Angelum
1565 2413 1775 2449 percutientem
1798 2420 1894 2448 popu—

1115 2464 1195 2497 lum,
1213 2460 1320 2489 obtulit
1338 2469 1368 2488 se
1387 2469 1442 2496 pro
1464 2468 1499 2488 eo
1520 2459 1759 2496 percutiendum,
1776 2460 1796 2487 ll
1816 2461 1893 2495 1309„

1116 2518 1200 2545 xxrv,
1216 2511 1248 2537 17
1264 2519 1271 2535 :
1290 2519 1303 2534 «
1321 2509 1468 2542 Yet-tatur,
1485 2505 1624 2541 obsecro,
1640 2514 1746 2535 manus
1760 2509 1810 2535 tua
1824 2515 1893 2536 con-

1116 2560 1160 2586 tra
1172 2564 1232 2590 me,
1248 2566 1261 2582 »
1279 2558 1333 2583 etc.

1151 2603 1271 2634 Audivit
1291 2602 1387 2631 omnis
1411 2600 1500 2631 lsrael
1518 2600 1680 2636 judicium,
1709 2599 1792 2637 quod
1815 2600 1894 2637 judi-

1117 2654 1209 2682 casset
1226 2650 1369 2679 Salomon
1388 2657 1438 2678 rex
1461 2649 1499 2677 de
1513 2647 1631 2676 duabus
1647 2647 1822 2677 mulieribus
1843 2657 1850 2676 :
1867 2650 1895 2676 et
