2004 3037
746 181 796 213 DE
817 181 983 215 NATURA
1001 182 1078 215 DEI.
1102 184 1189 215 GAP.
1212 185 1250 216 X.
1763 187 1802 217 69

439 295 617 331 CAPUT
651 295 695 330 X.

222 374 254 401 In
274 373 400 400 trinitate
417 377 596 407 personarum
615 369 707 397 unitas
727 370 847 398 essentioe
866 371 915 398 est.

217 443 248 471 ln
263 441 372 469 unitate
386 441 498 468 naturae
513 438 622 467 divinae
636 440 693 467 tres
710 439 779 466 sunt
796 446 932 475 personae
950 448 956 466 :

181 495 309 526 quarum
323 486 420 524 prima
433 487 476 514 est
490 494 508 514 a
522 485 605 514 nulla
614 495 622 521 ;
638 485 770 514 secunda
784 487 826 514 est
839 493 892 522 per
909 493 958 521 ge-

180 535 362 564 nerationem
377 541 394 561 a
409 532 473 561 sola
496 532 607 569 prima3
629 531 715 560 tertia
735 532 777 560 est
802 540 856 568 per
875 540 958 560 com-

179 589 302 611 munem
316 580 507 617 spirationem
523 587 540 607 a
554 579 652 616 prima.
667 581 695 608 et
717 579 859 607 secunda.
881 579 960 608 istud

179 630 279 657 tamen
293 627 334 656 sic
348 629 391 656 est
405 626 648 662 intelligendum,
664 625 749 662 quod
763 625 876 654 trinitas
893 634 960 662 per-

179 684 320 704 sonarum
343 682 405 703 non
426 674 557 703 excludit
580 674 618 702 ab
644 673 770 702 essentia
794 673 959 708 unitatem,

178 722 411 759 simplicitatem,
429 720 677 755 immensitatem,
697 720 908 756 aeternitatem,
932 722 960 749 et

178 768 521 797 incommutabilitatem.
539 767 629 803 Hujus
643 767 718 795 ratio
733 775 786 803 per
795 767 853 795 hoc
868 768 958 804 patet,

179 817 250 853 quia
264 816 314 852 qui
331 815 463 844 crederet
487 817 579 843 Deum
598 822 660 843 non
680 822 767 850 posse
788 823 818 842 se
843 823 958 842 summe

179 862 419 896 communicare,
446 864 568 897 negaret
592 861 622 889 in
642 869 678 889 eo
699 861 877 898 potentiam
905 862 957 898 qui

179 918 250 938 vero
265 909 396 937 crederet
409 909 466 937 hoc
481 917 550 936 eum
565 916 669 945 posse,
685 908 738 936 sed
760 908 872 936 nescire
882 929 889 942 ,
909 916 959 936 ne-

180 958 261 993 garet
275 956 306 984 in
321 964 356 984 eo
371 955 561 992 sapientiam3
586 955 643 991 qui
657 955 791 983 crederet
813 963 882 983 eum
901 955 958 984 hoc

179 1011 281 1039 posse,
297 1002 387 1037 seire,
402 1002 455 1030 sed
470 1002 568 1035 nolle,
584 1001 633 1029 ille
647 1003 769 1036 negaret
793 1002 824 1029 in
845 1010 880 1030 eo
905 1002 959 1030 bo-

178 1050 309 1078 nitatem.
327 1050 399 1077 Cum
413 1048 503 1084 igitur
526 1049 609 1076 Pater
623 1049 770 1084 potuerit,
796 1049 912 1077 sciverit
931 1052 960 1077 et

177 1097 305 1125 voluerit
321 1105 351 1125 se
366 1105 482 1125 summe
504 1097 741 1131 communicare,
761 1097 819 1124 hoc
833 1097 901 1124 fecit
915 1105 954 1125 ce-

178 1144 339 1178 ternaliter,
358 1144 468 1172 scilicet
490 1144 632 1172 habendo
655 1143 845 1172 dilectionem
861 1146 889 1172 et
913 1144 958 1171 di-

178 1191 304 1225 lectum,
320 1192 377 1220 hoe
399 1193 442 1219 est
457 1191 562 1219 Filium
586 1193 614 1219 et
642 1191 782 1227 Spiritum
811 1193 956 1219 sanctum.

178 1239 317 1266 Praeterea
339 1246 428 1266 omne
448 1238 564 1266 bonum
584 1240 627 1266 est
646 1238 691 1266 sui
715 1237 909 1272 diffusivum,
926 1240 958 1266 ut

179 1286 249 1314 dicit
264 1286 419 1323 Dionysius
434 1287 457 1321 ¹3
474 1286 554 1314 unde
575 1294 644 1313 cum
659 1287 742 1314 Pater
756 1285 792 1313 sit
813 1285 879 1313 sons
902 1285 956 1313 bo-

177 1332 275 1361 nitatis
292 1354 299 1367 ,
324 1333 471 1361 emanatio
494 1333 547 1360 erit
572 1332 610 1360 ab
634 1333 698 1368 ipso
718 1332 930 1368 perfectissima
947 1354 956 1367 ‚

179 1387 245 1416 quae
261 1381 303 1407 est
317 1379 477 1415 generatio.
499 1379 557 1407 Erit
576 1379 665 1407 etiam
681 1378 829 1407 emanatio
852 1380 959 1414 jucun-

178 1427 316 1461 dissima,
332 1435 397 1463 quae
412 1429 454 1454 est
468 1434 522 1462 per
536 1427 661 1454 modum
676 1426 866 1461 benignitatis
882 1428 909 1454 et
923 1426 957 1454 li-

178 1473 339 1502 beralitatis
353 1483 359 1501 :
375 1474 438 1501 haee
453 1475 552 1501 autem
567 1472 715 1500 emanatio
730 1481 815 1500 amor
830 1475 890 1507 est,
905 1473 957 1509 qui

179 1522 222 1548 est
237 1520 359 1557 Spiritus
372 1523 490 1548 sanctus
505 1528 523 1548 a
544 1521 626 1547 Patre
647 1521 674 1546 et
689 1519 761 1546 Filio
779 1519 954 1555 procedens.

178 1569 211 1595 Et
240 1567 316 1595 bene
341 1567 448 1595 dicitur
473 1575 548 1594 amor
581 1566 729 1594 emanatio
756 1565 955 1601 liberalitatis,

178 1613 249 1650 quia
263 1622 348 1642 amor
362 1614 494 1650 primum
509 1613 624 1641 donum
639 1615 699 1648 est,
717 1612 801 1649 quod
815 1621 832 1640 a
847 1613 956 1641 libera-

177 1660 256 1688 litate
270 1661 423 1697 procedit,
441 1668 509 1688 cum
529 1660 565 1687 sit
584 1659 699 1687 donum
714 1659 905 1687 intrinsecum
926 1661 956 1688 in

178 1707 243 1744 ipso
259 1707 362 1743 dante,
388 1707 418 1734 in
439 1715 499 1743 quo
519 1706 628 1735 scilicet
647 1714 749 1734 amore
774 1706 876 1734 omnia
900 1707 958 1735 alia

179 1754 338 1782 donantur.

213 1802 278 1828 Haec
294 1801 381 1829 beata
395 1800 518 1828 Trinitas
533 1800 627 1828 tribus
642 1800 740 1828 modis
759 1800 847 1828 nobis
870 1800 957 1828 inno-

178 1848 267 1875 tescit.
284 1850 349 1884 Ipsa
363 1848 442 1875 enim
458 1850 536 1883 patet
549 1847 579 1875 in
595 1847 748 1883 Scripturis
759 1869 768 1883 ,
792 1848 956 1876 ostenditur

178 1895 208 1922 in
222 1895 340 1930 figuris,
357 1895 467 1923 relucet
480 1895 511 1922 in
527 1894 676 1922 creaturis.
695 1894 803 1929 Primo,
820 1894 954 1931 inquam,

177 1941 264 1969 beata
282 1942 404 1969 Trinitas
425 1943 505 1978 patet
529 1941 559 1968 iu
586 1941 761 1977 Scripturis;
788 1941 868 1969 unde
900 1943 956 1970 Leo

178 1989 257 2024 Papa
273 1997 279 2015 ε
295 1998 308 2014 α
319 1988 472 2016 Credimus
486 1990 618 2016 sanctam
632 1987 811 2022 Trinitatem,
825 1990 955 2023 Patrem,

179 2037 207 2061 et
221 2034 341 2068 Filium,
366 2036 395 2062 et
414 2034 551 2070 Spiritum
569 2037 722 2068 sanetum,
743 2043 839 2062 unum
865 2036 957 2062 Deum

179 2081 427 2117 omnipotentem,
443 2081 530 2108 unius
546 2081 732 2115 substantiae,
753 2082 842 2108 unius
857 2090 956 2109 essen-

179 2127 240 2161 tioe,
256 2127 344 2155 unius
358 2127 517 2163 potestatis.
536 2128 606 2154 ltem
622 2127 710 2154 isaias
725 2127 839 2155 audivit
854 2127 864 2142 ²
876 2128 957 2155 Sera-

177 2174 262 2210 phim
277 2176 320 2202 ter
341 2174 491 2202 dicentia:
508 2174 639 2208 Sanctus,
662 2174 692 2201 in
715 2173 836 2201 laudem
864 2174 958 2201 beatae

178 2221 337 2256 Trinitatis,
361 2220 571 2256 subjungentia
586 2220 616 2247 in
637 2220 782 2255 singulari
802 2229 808 2247 :
828 2221 957 2248 Dominus

181 2269 248 2295 Deus
265 2268 397 2302 Sabaoth,
413 2269 534 2303 propter
549 2266 767 2295 confessionem
781 2266 900 2295 unitatis
915 2267 958 2294 di-

179 2314 264 2342 vinze.
281 2314 308 2342 Si
325 2322 395 2349 ergo
410 2322 472 2341 non
487 2316 583 2341 essent
598 2316 654 2341 tres
668 2322 817 2349 permnae,
833 2322 894 2342 non
910 2314 957 2342 di-

180 2363 294 2388 ceretur
309 2361 340 2388 in
353 2361 456 2389 Genesi
469 2361 479 2378 ³
497 2370 502 2388 ι
520 2362 663 2388 Faciamus
678 2362 809 2389 hominem
831 2362 867 2388 ad
883 2363 959 2388 simi-

180 2408 323 2435 litudinem
338 2410 457 2435 nostram
469 2429 477 2442 ,
493 2407 546 2435 sed
560 2416 644 2435 meam
660 2416 670 2436 :
686 2410 714 2436 et
727 2410 806 2443 tunc,
824 2408 848 2435 si
863 2410 959 2436 essent

180 2455 238 2482 tres
261 2462 394 2490 personae
404 2475 412 2489 ,
435 2456 462 2481 ct
476 2462 537 2482 non
552 2462 612 2482 una
627 2454 791 2482 substantia
801 2476 810 2489 ‚
826 2463 887 2482 non
915 2455 959 2482 di-

182 2503 295 2528 ceretur
316 2501 352 2528 ad
374 2502 535 2535 imaginem,
561 2501 615 2528 sed
631 2501 666 2528 ad
685 2503 817 2535 imagines
839 2505 956 2529 nostras.

182 2547 226 2574 Ad
253 2547 283 2574 id
305 2547 542 2581 ostendendum,
569 2547 691 2583 ponitur
714 2547 745 2574 in
770 2548 885 2576 Psalmo
915 2550 958 2576 ter

217 2611 221 2624 ¹
239 2610 324 2640 Dion„
342 2611 371 2634 (Ie
389 2611 444 2634 Diu.
464 2611 576 2641 Nomia„
592 2617 613 2634 e.
633 2616 667 2634 lv,
689 2623 718 2628 -——
738 2611 746 2625 ²
762 2612 821 2642 Isa,
837 2618 872 2641 vr,
890 2613 913 2636 3,
929 2625 958 2629 .-

184 2653 192 2667 ι
211 2646 281 2676 Gen.,
298 2653 315 2677 1,
331 2647 369 2671 26.
382 2660 413 2665 —
432 2648 441 2663 ⁵
458 2647 526 2671 Psal.
546 2652 616 2677 vat,
636 2648 658 2671 8.
671 2660 701 2664 —
718 2647 728 2663 5
740 2648 841 2678 Jerem.¹
858 2654 874 2678 1,
891 2649 914 2672 6.
929 2661 957 2666 —-

1015 250 1091 278 Deus
1101 270 1110 285 ,
1127 258 1196 279 cum
1218 251 1325 280 dicitur
1340 253 1351 269 ’ὅ
1367 260 1373 279 :
1390 251 1538 279 Benedicat
1551 258 1598 279 nos
1613 252 1684 279 Deus
1695 271 1705 286 ‚
1727 252 1800 279 Deus

1015 298 1117 330 noster,
1132 297 1271 326 benedicat
1284 305 1332 326 nos
1348 299 1433 334 Deus3
1448 299 1476 326 et
1490 300 1589 326 tamen
1603 297 1701 326 solum
1714 297 1797 334 poni—

1016 345 1062 372 tur
1084 344 1141 373 hoc
1155 352 1343 381 pronomen,
1360 353 1437 380 eum,
1456 344 1509 373 ubi
1533 344 1723 380 subjungitur
1739 353 1745 372 z
1763 344 1799 372 Et

1015 393 1136 419 metuant
1152 400 1212 419 eum
1227 399 1313 419 omnes
1335 393 1399 426 fines
1417 394 1504 420 terrae.
1520 393 1592 420 Item
1606 391 1616 408 ὅ
1630 400 1637 419 :
1654 391 1679 419 Α
1690 412 1699 427 ,
1715 399 1747 425 α,
1763 399 1798 425 a,

1017 439 1128 465 Domine
1142 440 1225 471 Deus,
1242 447 1296 466 ecce
1311 440 1398 466 nescio
1414 439 1498 474 loqui.
1514 437 1586 466 Vide
1601 437 1685 475 quod
1699 438 1724 466 A
1748 437 1798 466 tri-

1015 485 1147 521 plicavit,
1158 485 1223 514 etin
1234 485 1378 521 singulari
1390 485 1479 513 dixit:
1491 487 1604 514 Domine
1615 487 1686 514 Deus
1694 494 1704 514 .·
1713 486 1799 523 quod

1016 534 1097 560 notat
1111 532 1269 560 trinitatem
1283 534 1312 560 et
1329 532 1481 560 unitatem.
1500 533 1570 560 item
1588 532 1746 568 Apostolus
1759 533 1770 550 ⁴³
1790 542 1797 562 :

1014 580 1059 606 Em
1072 587 1123 614 quo
1138 580 1241 610 onmia,
1265 587 1315 614 per·
1330 587 1407 614 quem
1428 581 1520 606 omnia
1531 599 1541 613 ,
1558 580 1589 606 in
1613 587 1665 613 quo
1684 581 1777 607 omnia
1788 600 1797 615 ‚

1015 627 1071 661 ipsi
1085 627 1174 661 yloria
1189 627 1218 654 in
1233 627 1341 654 soecula.
1362 627 1394 653 Et
1417 626 1488 653 nota
1504 625 1587 662 quod
1602 625 1664 653 haec
1680 633 1797 662 praepo·

1014 672 1079 700 sitio
1103 673 1147 700 13ae
1168 672 1239 700 dicit
1259 672 1485 706 auctoritatem,
1510 674 1538 699 et
1561 680 1623 700 esse
1644 680 1662 700 a
1685 672 1770 700 nullo
1788 682 1795 701 :

1014 719 1072 747 hoc
1088 721 1189 747 autem
1212 719 1287 747 Patri
1303 719 1461 754 convenit,
1487 719 1538 754 qui
1553 720 1596 746 est
1617 718 1797 755 principium

1014 766 1077 794 sine
1098 766 1256 802 principio.
1284 765 1341 794 Sed
1363 766 1425 793 haec
1449 765 1619 801 prat-positio
1642 767 1692 793 Per
1716 768 1798 794 notat

1015 813 1230 849 operationem,
1243 812 1304 840 sive
1315 812 1458 844 medium,
1471 814 1499 840 et
1507 820 1569 840 esse
1580 812 1618 840 ab
1627 812 1687 839 alio
1701 812 1797 840 :unde

1014 868 1068 896 per
1081 859 1138 887 hoc
1153 859 1328 895 intelligitur
1350 859 1455 894 Filius,
1479 858 1531 895 qui
1551 860 1593 887 est
1616 858 1797 895 principium

1015 906 1053 934 de
1071 907 1230 943 principio.
1255 899 1446 934 Haec'autem
1464 907 1635 944 praepositio
1660 908 1693 934 In
1714 908 1798 935 notat

1015 954 1289 989 conservationem,
1305 956 1333 982 et
1347 962 1409 982 esse
1429 954 1467 982 ab
1493 954 1552 983 alio
1567 964 1574 982 :
1592 957 1620 982 ct
1638 955 1798 991 propterea.

1015 1001 1155 1037 competit
1179 1001 1297 1037 Spiritui
1324 1004 1426 1029 sancto
1442 1023 1450 1036 ,
1477 1002 1529 1038 qui
1548 1004 1590 1030 est
1617 1001 1797 1030 continentia

1016 1048 1113 1076 omnis
1132 1048 1215 1076 boni.

1051 1095 1219 1123 Ostenditur
1235 1095 1323 1123 etiam
1337 1095 1425 1124 beata
1437 1096 1559 1124 Trinitas
1573 1097 1604 1124 in
1620 1097 1732 1132 figuris.
1750 1099 1795 1127 Si-

1015 1142 1172 1178 gnificatur
1188 1142 1267 1170 enim
1282 1151 1335 1179 per
1350 1145 1408 1170 tres
1424 1143 1536 1171 amicos
1550 1144 1560 1160 ⁷
1571 1144 1641 1179 J0b3
1659 1144 1727 1172 item
1743 1154 1797 1182 per

1014 1191 1072 1216 tres
1087 1189 1210 1224 angelos
1223 1189 1233 1206 ⁸
1250 1197 1325 1225 quos
1346 1190 1498 1217 Abraham
1512 1189 1642 1226 hospitio
1662 1192 1772 1227 recepit
1788 1201 1795 1220 ε

1014 1238 1072 1264 tres
1085 1236 1179 1270 vidit,
1195 1238 1222 1264 et
1237 1244 1331 1263 unum
1346 1236 1491 1264 adoravit.
1515 1238 1586 1264 Item
1607 1245 1660 1273 pcr
1676 1239 1732 1265 tres
1752 1239 1797 1266 di-

1014 1282 1090 1318 gitos
1100 1283 1110 1299 ⁹
1123 1283 1232 1319 quibus
1246 1283 1426 1319 appenditur
1438 1283 1534 1311 moles
1547 1285 1638 1311 terrae.
1653 1285 1722 1312 item
1745 1294 1798 1322 per

1014 1330 1071 1357 tres
1087 1329 1217 1357 civitates
1232 1331 1250 1347 ¹⁰
1264 1329 1488 1366 refugiiaequali
1502 1330 1597 1366 spatio
1613 1340 1630 1358 a
1641 1339 1672 1359 se
1688 1332 1797 1360 distan-

1014 1378 1064 1404 tes.
1081 1378 1151 1404 Item
1164 1385 1217 1412 per
1232 1376 1287 1404 tria
1305 1376 1439 1404 difficilia
1455 1378 1475 1394 ¹¹
1490 1377 1529 1405 ad
1545 1377 1795 1414 investigandum.

1014 1423 1085 1451 item
1100 1432 1154 1460 per
1169 1425 1225 1451 tres
1240 1426 1341 1459 portas
1359 1423 1379 1440 ¹²
1395 1423 1519 1452 civitatis
1530 1444 1540 1458 ‚
1556 1432 1630 1460 quas
1645 1425 1720 1453 vidit
1733 1427 1798 1454 Eze-

1015 1469 1101 1498 chiel.

1051 1517 1171 1545 Relucet
1185 1525 1307 1553 quoque
1326 1517 1357 1545 in
1373 1517 1512 1545 creaturis
1527 1518 1685 1554 vestigium
1704 1519 1797 1547 beatce

1014 1564 1169 1592 Trinitatis.
1199 1564 1391 1599 Cognoscitur
1419 1564 1499 1591 enim
1529 1564 1559 1592 in
1589 1565 1794 1600 magnitudine

1014 1613 1216 1638 creaturarum
1238 1610 1370 1646 potentia
1390 1607 1501 1645 Patris3
1531 1611 1561 1638 in
1584 1611 1795 1647 dispositione,

1014 1657 1157 1693 sapientia
1169 1657 1245 1692 Filii,
1255 1658 1285 1684 in
1298 1659 1415 1691 ornatu,
1430 1657 1548 1685 bonitas
1560 1658 1682 1694 Spiritus
1693 1659 1795 1686 sancti.

1013 1708 1084 1734 Item
1099 1705 1130 1732 in
1145 1705 1280 1741 quolibet
1301 1705 1461 1732 individuo
1484 1704 1617 1732 invenies
1640 1705 1796 1740 virtutem,

1014 1752 1143 1788 speciem
1157 1754 1184 1779 et
1198 1751 1373 1786 utilitate1n3
1395 1760 1524 1787 quorum
1539 1752 1671 1787 primum
1687 1760 1795 1780 conve-

1014 1799 1058 1827 nit
1086 1799 1178 1833 Patri,
1209 1799 1373 1826 secundum
1408 1799 1498 1833 Fili0,
1530 1799 1647 1826 tertium
1677 1799 1795 1835 Spiritui

1014 1848 1125 1874 sancto.
1151 1847 1221 1873 item
1237 1846 1267 1873 in
1285 1845 1346 1873 sole
1363 1845 1431 1873 vide
1458 1845 1615 1873 essentiam
1627 1866 1634 1879 ,
1658 1845 1795 1881 splendo-

1013 1901 1077 1921 rem
1092 1895 1119 1921 et
1134 1893 1266 1920 calorem
1276 1915 1284 1927 ,
1301 1893 1332 1920 in
1348 1893 1456 1929 quibus
1472 1894 1585 1920 Patrem
1598 1914 1607 1927 ,
1630 1894 1657 1920 et
1672 1892 1776 1920 Filium
1786 1915 1794 1928 ‚

1014 1942 1041 1968 et
1056 1941 1195 1977 Spiritum
1209 1943 1345 1968 sanctum
1360 1948 1531 1975 cognosces.
1552 1942 1622 1968 ltem
1637 1940 1668 1968 in
1680 1941 1794 1975 anima,

1014 1989 1179 2017 secundum
1194 1989 1371 2017 memoriam
1384 2010 1393 2023 ,
1410 1989 1594 2017 intellectum
1618 1992 1644 2017 et
1659 1989 1795 2017 volunta-

1014 2038 1074 2064 tem
1084 2057 1093 2070 ‚
1109 2036 1264 2064 considera
1279 2044 1476 2072 personarum
1492 2036 1664 2070 trinitatem,
1681 2038 1708 2063 et
1729 2036 1795 2063 uni-

1015 2085 1104 2111 tatem
1118 2083 1298 2110 substantiae.
1316 2084 1385 2110 Item
1402 2082 1431 2109 in
1447 2082 1613 2109 hierarchia
1627 2082 1735 2110 coelesti
1751 2091 1796 2110 su-

1013 2129 1124 2165 periori
1140 2131 1213 2156 Deus
1229 2129 1312 2156 estin
1325 2129 1462 2162 'l'hronis‚
1473 2131 1504 2156 ut
1519 2129 1673 2164 majestas3
1686 2128 1716 2156 in
1727 2129 1796 2157 Che-

1014 2176 1129 2209 rubim,
1140 2178 1172 2203 ut
1183 2175 1302 2210 veritas;
1318 2176 1348 2202 in
1358 2175 1511 2211 Seraphim
1520 2196 1528 2210 ,
1540 2177 1571 2202 ut
1583 2176 1709 2203 charitas
1721 2185 1727 2203 :
1743 2184 1796 2211 per

1015 2231 1081 2258 quae
1096 2225 1214 2250 notatur
1228 2230 1424 2258 personarum
1439 2222 1563 2249 trinitas.
1587 2223 1658 2250 Item
1683 2222 1714 2249 in
1736 2222 1795 2250 vir-

1015 2269 1125 2297 tutibus
1141 2268 1327 2304 theologicis,
1346 2268 1455 2296 scilicet
1469 2268 1539 2303 tide,
1555 2277 1616 2304 spe,
1634 2269 1773 2296 charitate
1786 2291 1794 2304 ,

1015 2315 1096 2343 idem
1110 2316 1252 2351 intellige.
1278 2317 1348 2343 ltem
1364 2316 1394 2342 in
1410 2316 1504 2343 tribus
1527 2315 1647 2343 dotibus
1668 2315 1773 2342 animae
1786 2336 1795 2349 ,

1015 2362 1125 2391 scilicet
1139 2362 1329 2399 cogitatione,
1346 2362 1612 2398 comprehensione
1628 2364 1655 2390 et
1669 2362 1813 2390 delecta-.

1016 2410 1107 2438 tione.

1051 2457 1219 2485 Notandum
1235 2458 1334 2484 autem
1349 2456 1433 2492 quod
1448 2456 1531 2484 aliter
1546 2456 1656 2483 relucet
1675 2457 1749 2482 Deus
1765 2455 1795 2483 in

1017 2504 1156 2532 creaturis
1169 2503 1343 2537 viatoribus,
1359 2503 1442 2530 aliter
1452 2503 1483 2530 in
1497 2502 1600 2530 beatis.
1620 2501 1795 2537 Exemplum

1017 2579 1026 2592 ⁶
1038 2578 1116 2607 Rom„
1132 2583 1168 2607 xi,
1184 2578 1223 2601 36.
1238 2590 1267 2595 -
1284 2577 1292 2592 ⁷
1309 2576 1363 2603 dos».
1377 2583 1406 2607 lt,
1425 2580 1459 2600 tt.
1477 2590 1506 2594 —
1521 2576 1531 2591 ⁸
1547 2576 1617 2605 Gem,
1639 2581 1713 2606 xxiii,
1734 2578 1752 2599 t.
1766 2589 1795 2594 -—

1017 2615 1026 2628 ⁶
1043 2614 1102 2644 isa„
1120 2619 1163 2640 η,
1182 2612 1436 2641 12.—··⁰Deue.‚1v,
1453 2612 1664 2640 41.—-¹¹111·oi·.,
1677 2618 1738 2640 xxx,
1758 2613 1793 2635 tS.

1017 2661 1046 2666 —
1063 2649 1079 2663 ¹²
1095 2648 1298 2678 Ezech.‚x1„v111‚
1314 2649 1352 2671 31.
