2004 3037
261 222 302 252 98
591 217 850 251 COMPENDIUM
869 190 1128 249 THEOLOGtcAE
1149 215 1372 249 VERITATIS.
1395 215 1472 247 LlB.
1496 215 1535 247 11.

265 287 350 324 quod
358 294 420 315 non
431 285 534 314 transit
545 285 656 319 media,
668 284 722 312 sed
733 284 869 314 transilit.
881 284 959 314 Illud
969 292 1044 321 quo·

265 341 324 370 que
338 331 619 369 praetermittendum
632 340 694 360 non
707 333 750 360 est
758 353 768 368 ‚
785 331 870 368 quod
885 331 1044 368 unusquis-

265 388 324 416 que
338 380 414 407 ordo
428 379 468 407 ab
481 387 518 407 eo
533 378 754 412 denominatur,
778 378 945 406 secundum
960 377 1045 414 quod

264 427 399 461 respectu
411 425 587 454 inferiorum
601 425 743 454 ordinum
758 423 947 452 excellentias
964 423 1043 452 aoei-

265 471 308 507 pit
321 471 352 499 in
366 479 498 500 munere.

523 557 667 591 CAPUT
694 557 787 590 XVI.

450 635 488 662 De
506 634 668 670 proelatione
689 633 865 668 Angelorum.

303 709 433 736 Praesuut
447 707 572 743 quidam
589 706 689 742 angeli
707 705 880 741 regionibus
891 725 899 739 ‚
919 706 951 732 ut
975 704 1046 731 dici-

268 753 358 794 turin
372 753 490 781 Daniele
501 753 510 769 ¹
525 761 531 780 :
548 754 676 788 Princeps
692 752 838 780 Graecorum
848 773 855 783 ,
872 753 898 778 et
918 752 1047 785 Princeps

268 802 411 829 Persarum
421 821 430 834 ,
445 802 499 828 etc.
520 799 647 833 Quidam
660 807 732 826 vero
746 799 878 834 praesunt
892 796 1046 831 Ecclesiis;

268 848 300 875 in
322 846 526 882 Apocalysi':
551 846 654 880 Auqelo
679 845 781 880 Ephesi
805 845 931 871 Ecclesiae
953 844 1045 871 scribe.

269 894 339 921 Item
360 893 410 921 alii
431 893 561 929 praesunt
574 891 729 928 personis3
755 891 786 918 in
805 890 905 918 Actis³
925 889 1049 924 angelus

269 941 344 969 Petri
358 939 535 967 credebatur
547 937 587 966 ad
599 937 708 965 ostium
719 939 804 964 stare.
821 936 948 970 Quidam
961 935 1049 963 etiam

269 986 393 1021 maligni
412 985 531 1021 spiritus
549 984 687 1012 dicuntur
707 983 784 1010 vitiis
799 990 925 1019 praeesse
936 991 944 1016 ;
968 981 1049 1009 unde

269 1035 394 1061 vocatur
407 1032 515 1068 aliquis
528 1031 647 1067 spiritus
661 1030 819 1066 superbioe,
834 1029 953 1066 spiritus
964 1029 1049 1056 luxu-

270 1079 331 1113 rioe,
348 1081 376 1106 et
388 1077 573 1114 huJ'usmodi.
586 1078 658 1110 Quae
675 1079 772 1104 autem
787 1076 974 1112 praelationes
984 1082 1050 1110 per-

271 1127 430 1158 maneant,
452 1124 501 1152 vel
527 1132 593 1160 quae
616 1125 728 1151 cessent
751 1125 818 1158 post
839 1123 915 1150 hanc
932 1121 1048 1149 vitam:

271 1171 426 1199 sciendum
446 1173 489 1198 est
510 1170 593 1206 quod
616 1169 787 1197 hierarchiae
802 1177 920 1204 semper
933 1167 1051 1196 stabunt

272 1222 414 1255 quantum
427 1219 465 1246 ad
475 1218 643 1246 instantiam
656 1218 689 1251 (α)
705 1216 906 1251 beatitudinis,
919 1218 947 1243 et
960 1223 1052 1251 quan-

272 1267 335 1293 tum
350 1265 389 1293 ad
403 1264 531 1300 gradum
545 1263 695 1299 dignitatis
707 1284 714 1297 ‚
736 1265 763 1290 et
778 1262 964 1290 nobilitatem
979 1261 1051 1289 doni

273 1311 389 1347 gratuiti
401 1332 409 1346 ‚
426 1319 460 1338 ac
473 1312 594 1338 naturae.
614 1309 776 1338 cessabunt
790 1310 889 1336 autem
904 1308 1051 1344 praelatio-

273 1365 326 1385 nes
341 1357 481 1392 angelicae
501 1364 589 1392 super
608 1356 744 1383 homines
763 1357 791 1382 et
811 1355 935 1390 angelos
949 1354 1052 1390 quoad

275 1407 373 1432 actum
401 1403 550 1439 regiminis
561 1423 570 1436 ‚
605 1402 770 1430 secundum
806 1401 1052 1436 gubernationem

275 1451 379 1480 mundi
400 1453 427 1478 et
449 1451 628 1484 electorum,
652 1448 818 1477 secundum
839 1447 919 1474 viam
939 1447 978 1474 ad
999 1455 1052 1482 pa-

275 1498 371 1526 triam.
389 1497 519 1525 Proelatio
535 1498 634 1523 autem
649 1497 691 1523 est
703 1495 734 1522 in
749 1494 935 1522 daemonibus
950 1493 1052 1529 quoad

276 1544 407 1572 officium
427 1543 586 1571 insultandi
609 1544 637 1570 et
657 1541 821 1574 irridendi,
842 1542 870 1568 et
889 1539 1054 1567 secundum

277 1590 360 1626 quod
375 1598 451 1618 unus
465 1590 608 1625 provocat
622 1588 747 1615 alterum
763 1587 792 1614 in
808 1586 920 1614 malitia
933 1595 938 1613 :
956 1588 983 1613 et
998 1585 1055 1614 hoc

277 1644 338 1665 non
353 1637 532 1670 destruetur;
550 1635 700 1663 Psalmista
711 1633 719 1649 ‘
735 1643 740 1660 :
759 1634 891 1668 Superbia
906 1641 994 1660 eorum
1007 1635 1056 1667 qui

279 1687 303 1711 te
314 1684 438 1717 oderunt,
455 1683 574 1710 ascendit
585 1689 697 1716 semper.
714 1682 770 1708 Nec
783 1680 949 1707 destruetur
961 1687 1057 1714 quan-

279 1733 341 1758 tum
361 1730 399 1757 ad
418 1729 561 1756 malitiam
583 1731 610 1755 et
632 1729 788 1760 naturam;
812 1726 936 1753 cessabit
958 1728 1056 1753 autem

280 1784 383 1804 eorum
399 1775 531 1811 praelatio
543 1774 645 1810 quoad
656 1773 786 1800 officium
799 1772 930 1799 tentandi
941 1780 992 1799 eos
1005 1772 1057 1807 qui

280 1825 348 1850 sunt
369 1822 398 1849 in
422 1822 480 1849 via.
506 1823 537 1848 ln
560 1820 732 1847 hominibus
758 1820 847 1846 etiam
870 1818 1057 1854 lii-{elationes

281 1868 513 1900 evacuabuntur,
535 1867 606 1902 quia
626 1873 686 1893 non
707 1867 791 1893 erunt
811 1865 934 1898 decani,
956 1866 1057 1892 centu-

281 1915 379 1943 riones
390 1935 398 1949 ,
414 1913 579 1941 chiliarchae
591 1934 598 1946 ,
619 1915 646 1939 ct
665 1911 846 1947 hujusmodi.
873 1913 904 1938 ln
919 1910 1058 1938 creaturis

282 1961 414 1988 similiter
434 1959 558 1987 cessabit
572 1958 704 1995 praelatio
717 1978 724 1990 ,
741 1957 812 1993 quia
827 1957 982 1992 superiora
996 1963 1057 1983 non

283 2006 448 2034 movebunt
462 2008 530 2034 tunc
545 2005 684 2033 inferiora
695 2025 705 2038 ,
719 2004 793 2031 sicut
806 2003 910 2031 modo.

530 2098 672 2133 CAPUT
704 2098 810 2130 XVII.

447 2174 484 2199 De
506 2171 705 2205 confirmatione
723 2169 898 2203 Anqelorum.

322 2240 583 2269 Confirmationem
597 2238 687 2265 habet
702 2237 825 2271 angelus
841 2244 875 2263 ex
892 2235 995 2268 tribu&
1008 2235 1062 2262 sci-

287 2288 354 2316 licet
374 2295 409 2314 ex
434 2289 558 2318 natura,
579 2284 690 2319 gratia,
712 2284 739 2309 ct
763 2282 867 2316 gloria.
895 2283 935 2308 Ex
959 2283 1063 2308 natura

289 2334 427 2371 quidem,
444 2333 514 2368 quia
534 2333 638 2359 natura
659 2328 817 2364 spiritualis
838 2327 930 2354 semel
951 2330 1063 2354 tantum

289 2379 431 2408 vertibilis
451 2381 508 2412 est,
530 2377 576 2405 vel
596 2377 626 2404 in
650 2376 780 2407 bonum,
805 2374 852 2401 vel
876 2374 906 2400 in
932 2374 1062 2408 malum,

289 2427 345 2454 nisi
360 2434 393 2454 ex
408 2425 518 2452 unione
533 2423 622 2451 unius
637 2431 704 2449 eum
720 2421 812 2449 altero
822 2441 831 2453 ,
846 2420 919 2447 sieut
940 2422 1019 2455 patet
1034 2420 1064 2447 in

291 2473 407 2506 anima,
424 2479 490 2507 quae
504 2471 578 2498 dum
591 2472 632 2497 est
648 2469 678 2495 in
694 2474 835 2503 corpore,
850 2468 945 2501 potest
958 2466 1064 2492 mutari

290 2519 397 2555 saepius
412 2518 448 2545 de
468 2517 549 2544 bono
573 2516 603 2543 iu
627 2514 755 2547 malum,
778 2515 806 2540 et
826 2514 943 2543 contra;
969 2511 1065 2539 soluta

291 2574 374 2600 vero,
389 2573 459 2593 non.
476 2564 566 2598 liujus
590 2564 688 2591 autem
702 2561 776 2589 ratio
791 2562 849 2595 est,
866 2560 938 2596 quia
960 2561 1066 2587 natura

324 2627 358 2657 (a)
377 2627 471 2650 For-san
497 2624 626 2656 leyendum
643 2623 815 2655 praestantium
832 2621 870 2646 vel
888 2621 1064 2645 substantiam.

294 2676 319 2679 -
339 2662 369 2692 (h)
387 2662 454 2685 Erlzt.
474 2662 531 2685 l'en.
545 2661 597 2691 qui.

1096 283 1271 320 spirim-alis,
1286 285 1407 320 propter
1421 290 1507 311 suam
1520 282 1739 319 simplicitatem
1747 304 1758 320 ‚
1771 282 1805 313 se
1823 285 1868 314 to-

1097 331 1159 358 tam
1171 329 1360 358 convertitad
1369 329 1402 357 id
1416 329 1499 365 quod
1512 329 1599 364 elegit
1604 338 1612 365 ;
1629 329 1714 365 quod
1727 334 1790 358 non
1801 329 1871 359 facit

1097 378 1203 405 natura
1217 377 1314 410 unita,
1329 375 1401 412 quia
1415 375 1505 404 habet
1523 383 1632 412 corpus
1650 375 1811 405 retrahens.
1832 376 1873 406 Εἰ

1098 422 1192 458 gratia
1205 422 1340 450 similiter
1352 422 1443 450 habet
1457 422 1716 450 confirmationem
1723 443 1733 458 ‚
1756 422 1828 458 quia
1849 422 1875 451 ai

1099 468 1214 505 aliquid
1229 468 1412 497 connectitur
1425 468 1524 497 stabili
1537 471 1647 497 aeterno
1668 468 1790 497 vinculo
1807 467 1876 505 per-

1098 517 1206 551 petuo,
1219 514 1272 542 illa
1286 515 1432 543 connexio
1447 523 1565 551 semper
1579 517 1688 543 manet.
1708 515 1755 543 Sic
1775 515 1875 552 angeli

1099 561 1231 596 colligati
1254 562 1323 588 sunt
1344 561 1442 590 stabili
1465 563 1592 595 aeterno,
1613 561 1724 589 scilicet
1747 563 1827 596 Deo,
1848 562 1877 590 et

1099 607 1157 635 hoc
1182 607 1304 636 vinculo
1333 607 1552 641 indissolubili,
1577 607 1688 636 seilicet
1708 607 1875 644 charitatis;

1099 653 1257 689 Apostolus
1271 653 1281 670 ⁵
1297 663 1304 680 :
1323 653 1450 681 Charitas
1463 662 1602 689 nunquam
1621 655 1744 687 eaeciclit,
1765 655 1818 683 etc.
1836 655 1877 682 Ex

1101 699 1197 734 gloria
1211 707 1333 736 quoque
1342 699 1453 728 habent
1467 707 1544 735 eam,
1558 700 1629 736 quia
1644 709 1712 728 eum
1723 701 1814 729 Deum
1824 700 1878 728 ha-

1101 745 1191 773 beant
1203 753 1257 781 per
1266 745 1404 781 gloriam,
1414 754 1479 782 quae
1490 747 1521 782 (ὁ)
1539 748 1581 774 est
1591 746 1687 775 forma
1699 747 1879 783 completiva

1102 791 1228 827 angelici
1249 791 1404 826 desiderii,
1426 800 1488 820 non
1504 794 1650 828 vagantur
1666 795 1747 821 extra
1763 794 1877 830 ipsum,

1102 839 1134 865 ut
1148 839 1283 874 quaerant
1299 837 1415 874 aliquid
1428 837 1481 866 illo
1496 838 1619 873 melius,
1635 838 1681 866 vel
1695 838 1878 868 desiderabi-

1102 883 1159 910 lius
1171 885 1260 920 atque
1272 883 1443 918 jucundius.
1458 884 1534 912 Nihil
1546 884 1667 913 enimin
1682 885 1823 914 creaturis
1837 885 1880 914 in—

1103 930 1239 964 veniunt,
1255 930 1339 966 quod
1353 931 1445 966 possit
1459 939 1511 959 eos
1525 939 1543 959 a
1557 930 1637 959 fonte
1652 931 1762 960 divinae
1778 931 1879 961 dulce-

1104 976 1181 1004 dinis
1197 979 1340 1006 avertere.

1139 1023 1311 1051 Tenendum
1326 1023 1426 1060 itaque
1442 1023 1524 1059 quod
1539 1024 1637 1060 angeli
1651 1024 1725 1052 boni
1739 1033 1775 1053 ex
1790 1025 1880 1054 liber-

1104 1071 1162 1098 tate
1177 1069 1289 1098 arbitrii
1304 1069 1344 1097 ad
1359 1071 1450 1098 Deum
1465 1071 1615 1106 conversi,
1640 1071 1738 1099 statim
1763 1071 1882 1100 fuerunt

1105 1124 1157 1152 per
1171 1116 1296 1152 gratiam
1309 1118 1337 1144 et
1349 1116 1476 1152 gloriam
1491 1117 1521 1144 in
1536 1117 1687 1145 voluntate
1703 1117 1881 1153 confirmati,

1106 1162 1209 1190 fideles
1223 1171 1257 1190 ac
1279 1162 1378 1191 felices
1392 1162 1503 1198 effecti,
1523 1164 1612 1199 atque
1629 1163 1660 1191 in
1680 1164 1793 1192 ratione
1813 1163 1882 1192 illu-

1106 1209 1229 1242 minati,
1243 1211 1276 1236 ut
1290 1217 1351 1237 non
1365 1208 1462 1237 solum
1480 1211 1691 1245 cognoscerent
1703 1217 1750 1237 res
1764 1210 1795 1238 in
1811 1217 1881 1246 pro-

1105 1255 1172 1290 prio
1186 1263 1304 1290 genere,
1319 1255 1372 1283 sed
1387 1255 1475 1283 etiam
1490 1256 1520 1283 in
1535 1258 1607 1290 arte,
1621 1256 1678 1284 hoc
1693 1257 1753 1291 est,
1768 1256 1799 1284 in
1813 1257 1881 1285 Ver-

1106 1301 1156 1329 bo.
1178 1301 1266 1329 Filius
1289 1301 1367 1329 enim
1389 1301 1495 1329 dicitur
1515 1310 1562 1329 ars
1586 1303 1687 1336 Patris,
1706 1310 1761 1338 per
1785 1310 1877 1339 quam

1107 1350 1256 1383 operatur.
1278 1350 1459 1384 Acceperunt
1478 1349 1598 1385 insuper
1618 1348 1828 1385 perfectionem
1851 1349 1882 1377 in

1108 1395 1212 1421 virtute
1238 1395 1407 1430 operativa,
1434 1395 1495 1422 sive
1524 1396 1706 1432 egequantur
1730 1395 1812 1423 illam
1839 1403 1885 1424 as-

1108 1444 1226 1476 sumpto
1242 1448 1367 1476 corpore
1376 1461 1384 1474 ‚
1398 1441 1459 1468 sive
1473 1441 1560 1475 alias,
1572 1443 1660 1477 atque
1673 1440 1885 1477 perfectionem

1108 1487 1139 1514 in
1153 1487 1260 1514 virt-nte
1276 1487 1517 1523 contemplativa,
1529 1495 1600 1523 qua,
1617 1495 1808 1525 quocumque
1822 1488 1886 1516 mit-

1109 1535 1217 1568 tantur,
1235 1533 1310 1561 intra
1326 1535 1418 1561 Deum
1433 1536 1565 1561 currunt.

1353 1627 1495 1659 CAPUT
1520 1627 1641 1660 XVlIi.

1311 1699 1348 1724 De
1371 1698 1491 1725 custodia
1515 1698 1684 1732 Angelorum.

1148 1765 1250 1800 Angeli
1274 1765 1362 1792 nobis
1385 1765 1425 1793 ad
1444 1765 1610 1793 custodiam
1630 1765 1761 1801 deputati
1787 1767 1888 1794 tenent

1112 1821 1167 1840 nos
1182 1815 1304 1847 stantes,
1320 1821 1356 1841 ne
1381 1813 1522 1841 cadamus
1534 1834 1541 1847 ‚
1558 1815 1585 1840 et
1602 1813 1740 1840 cadentes
1761 1820 1816 1841 nos
1838 1812 1888 1841 ad-

1110 1860 1231 1894 juvant,
1246 1861 1278 1886 ut
1296 1867 1473 1894 surgamus:
1499 1867 1553 1887 nec
1578 1867 1711 1894 unquam
1730 1867 1784 1886 nos
1807 1859 1888 1887 dese-

1113 1909 1180 1933 runt
1196 1906 1283 1933 etiam
1301 1908 1468 1941 peccantes,
1485 1906 1557 1941 quin
1580 1913 1696 1942 semper
1718 1905 1775 1933 sint
1793 1905 1886 1941 parati

1114 1952 1263 1986 auxiliari,
1278 1953 1301 1979 si
1316 1952 1452 1979 velimus.
1470 1954 1528 1980 lloe
1543 1954 1643 1979 tamen
1657 1951 1732 1979 fallit
1746 1952 1776 1979 in
1796 1951 1887 1980 obsti-

1114 2000 1207 2033 natis,
1230 2007 1247 2026 a
1269 2007 1397 2034 quorum
1418 1998 1551 2026 custodia
1568 1998 1678 2026 desistit
1699 1998 1822 2033 angelus
1842 2006 1889 2026 ac-

1116 2046 1231 2073 tualiter
1248 2054 1254 2072 :
1270 2048 1389 2081 paratus
1404 2047 1446 2072 est
1460 2047 1560 2072 tamen
1575 2044 1739 2079 custodire,
1754 2044 1777 2072 si
1792 2044 1889 2072 redire

1116 2092 1280 2125 voluerint,
1305 2091 1375 2127 quia
1398 2099 1552 2128 nunquam
1575 2090 1719 2119 deseritur
1741 2091 1832 2119 homo
1854 2098 1890 2118 ex

1118 2140 1179 2166 toto
1194 2139 1233 2166 ab
1249 2138 1372 2174 angelis.

1153 2187 1224 2214 Nota
1239 2185 1322 2221 quod
1338 2185 1465 2212 Christus
1479 2192 1540 2212 non
1556 2184 1659 2212 habuit
1674 2184 1815 2219 angelum
1833 2184 1889 2212 sibi

1119 2233 1290 2267 deputatum
1301 2252 1308 2265 ,
1323 2231 1393 2266 quia
1408 2231 1507 2258 anima
1521 2230 1583 2265 ejus
1593 2230 1727 2265 superior
1741 2230 1795 2257 fuit
1810 2231 1891 2259 omni

1119 2278 1243 2313 ange103
1268 2277 1342 2304 sicut
1368 2279 1395 2303 et
1416 2276 1538 2303 habebit
1561 2283 1654 2303 unum
1679 2276 1890 2311 Antichristus,

1120 2332 1209 2361 quem
1225 2324 1291 2351 licet
1310 2325 1428 2358 propter
1443 2322 1565 2350 nimiam
1589 2322 1816 2350 obstinationem
1830 2331 1891 2350 non

1119 2373 1155 2398 s't
1169 2370 1321 2397 habiturus
1332 2369 1370 2396 ad
1381 2369 1601 2404 promotionem
1613 2376 1707 2403 suam,
1719 2369 1842 2397 habebit
1852 2372 1891 2397 ta-

1120 2425 1188 2444 men
1202 2415 1239 2443 ad
1255 2415 1484 2443 accusationem.

1158 2462 1279 2490 Effectus
1294 2463 1392 2488 autem
1415 2461 1560 2495 angelicae·
1575 2460 1714 2488 eustodiae
1737 2460 1892 2496 multiplex

1121 2512 1172 2538 cst.
1198 2509 1310 2537 Primus
1326 2510 1367 2535 est
1381 2507 1593 2543 impedimenta
1607 2507 1680 2535 boni
1691 2527 1700 2540 ,
1721 2509 1747 2535 ct
1763 2507 1892 2536 occasio-

1121 2564 1173 2584 nes
1187 2555 1275 2588 mali,
1291 2557 1318 2582 et
1332 2554 1462 2582 actiones
1475 2553 1618 2590 peccandi
1631 2561 1784 2581 removere
1793 2563 1801 2589 3
1816 2555 1892 2582 Exo—

1155 2620 1162 2635 ¹
1177 2619 1250 2648 Dan„
1266 2625 1292 2645 x,
1312 2619 1347 2648 13,
1360 2619 1398 2641 20.
1410 2631 1440 2635 —
1451 2618 1458 2632 ²
1474 2618 1678 2647 .4poc.,11,1.—
1691 2617 1702 2634 ὃ
1713 2618 1776 2648 Act„
1790 2619 1891 2648 x11‚15.

1124 2668 1153 2672 —
1166 2654 1176 2670 δ
1191 2653 1259 2677 Psal.
1274 2659 1366 2683 Lxxiu,
1381 2654 1419 2677 23.
1430 2666 1461 2671 -
1473 2653 1483 2670 ⁵
1498 2654 1505 2676 l
1523 2652 1590 2683 Con,
1608 2658 1666 2682 xm,
1681 2654 1704 2677 8.
