2004 3037
257 208 318 238 422

257 268 412 308 temptatio
420 293 428 303 ,
444 279 512 307 quae
525 279 562 300 ex
576 271 770 307 intelligentia
783 271 921 308 procedit
934 272 963 299 et.
976 270 1035 298 ori-

257 320 320 353 tur3
342 318 404 346 imo
423 318 563 354 cogitatio
582 318 689 346 rationi
713 318 878 354 subjicitur,
901 325 969 354 quae
993 319 1037 345 est

258 365 336 393 intra
353 364 578 400 intelligentiam
589 387 597 400 ,
616 367 644 393 et
663 373 717 401 per
735 373 802 393 eam
815 365 936 401 regitur.
954 363 1036 392 Unde

259 411 434 447 Gregorius,
449 411 528 439 libro
551 411 646 448 primo
665 413 815 440 Moralium
829 413 856 446 ¹,
874 411 917 439 sic
941 410 1012 439 dicit
1028 420 1035 438 :

264 468 278 484 (ι
298 458 496 494 Cogitationes
520 458 559 487 ad
582 458 710 486 modum
733 458 912 486 ancillarum
929 457 1038 485 rationi

262 504 458 540 subjiciuntur
475 513 482 533 ε
501 505 572 541 quia
593 505 617 533 si
639 513 657 533 a
676 505 768 533 domo
788 505 894 533 mentis
913 504 953 532 ad
974 512 1038 532 mo-

262 556 396 580 mentum
409 553 484 581 ratio
500 552 647 587 discedat,
667 553 752 589 quasi
767 553 888 581 absente
904 551 1037 586 domina,

264 600 476 635 cogitationum
491 608 521 628 se
537 600 661 634 clamor,
684 600 767 628 velut
787 599 907 636 garrula
922 598 1041 627 ancilla-

263 655 331 675 rum
344 647 441 682 turba,
457 647 650 683 multiplicat:
662 649 694 675 ut
708 649 806 675 autem
820 647 895 675 ratio
908 646 948 674 ad
960 654 1041 674 men-

264 695 324 722 tem
338 693 471 729 redierit,
487 702 559 722 mox
571 702 602 722 se
618 694 751 722 confusio
767 693 949 722 tumultuosa
963 700 1041 720 com-

264 741 358 777 pescit
368 762 376 776 ‚
393 743 421 769 et
436 741 520 777 quasi
541 740 655 769 ancillae
673 741 713 769 ad
731 741 898 776 injunctum
917 747 994 776 opus
1011 747 1042 768 se

265 787 351 816 tacite
364 788 541 824 reprimunt,
557 787 629 815 dum
645 787 838 823 cogitationes
857 786 992 823 protinus
1011 794 1042 814 se

267 836 362 864 causis
383 835 512 872 propriis
535 835 574 864 ad
597 835 753 863 utilitatem
777 834 919 862 subdunt.
941 844 956 860 »
979 834 1043 861 floec

267 882 432 918 Gregorius.
449 884 481 910 Et
495 882 568 910 sicut
590 881 753 910 Richardus
767 880 845 908 libro
860 880 973 916 primo,
998 888 1045 908 ea-

267 929 327 965 pite
349 930 473 965 quarto,
497 928 568 956 dicit
590 938 598 955 :
622 928 677 956 «Si
697 927 835 962 cogitatio
862 927 1045 963 quandoque

267 975 380 1004 ratione
395 977 560 1009 moveatur,
575 976 607 1002 ut
621 974 660 1002 ad
675 973 917 1010 cognoscendum
931 973 1046 1010 aliquid

268 1022 397 1057 ambiat,
414 1023 442 1050 et
456 1021 494 1050 ad
509 1021 566 1049 hoc
579 1021 769 1049 vehementer
790 1022 818 1048 et
835 1019 949 1048 sortiter
962 1020 1046 1048 insis-

268 1071 324 1103 tat,
339 1069 400 1104 jam
415 1076 475 1096 non
491 1070 534 1096 est
547 1068 703 1104 cogitatio;
718 1067 772 1095 sed
791 1067 918 1096 modum
937 1067 1047 1102 cogita-

268 1116 356 1144 tionis
371 1115 531 1152 cogitando
547 1115 675 1150 excedit,
696 1118 723 1143 et
742 1115 880 1151 cogitatio
900 1114 930 1142 in
951 1115 1046 1143 medi-

269 1163 409 1191 tationem
424 1163 533 1190 transit.
550 1173 563 1188 u

306 1209 441 1237 Secundo
457 1209 544 1244 igitur
558 1209 711 1236 sciendum
737 1211 793 1243 est,
815 1209 897 1244 quod
915 1210 1046 1236 contem-

270 1256 361 1292 platio
376 1256 464 1284 etiam
477 1256 574 1283 differt
584 1263 602 1282 a
613 1255 803 1283 meditatione
817 1263 871 1291 per
880 1255 948 1290 hoc,
964 1255 1047 1291 quod

271 1303 301 1330 in
320 1302 516 1338 descriptione
536 1302 793 1337 contemplationis
810 1302 942 1337 ponitur,
965 1302 1047 1338 quod

271 1349 335 1385 ipsa
350 1351 392 1377 est
411 1349 517 1376 mentis
535 1348 729 1384 perspicacia.
751 1349 788 1375 De
811 1356 872 1384 quo
891 1348 1047 1377 sciendum

272 1398 325 1429 est,
335 1395 415 1432 quod
424 1395 605 1432 perspicacia
612 1398 653 1422 est
661 1395 957 1430 aetusintelligentiae.
965 1394 1049 1422 lntel-

271 1443 391 1479 ligentia
406 1446 513 1477 autem,
526 1445 559 1471 ut
571 1444 641 1471 (licit
653 1445 755 1470 auctor
770 1442 837 1470 libri
852 1443 884 1470 de
899 1443 1008 1477 Spiritu
1023 1447 1047 1470 ct

272 1491 374 1517 Anima
386 1491 408 1524 ²,
426 1500 439 1515 «
455 1492 496 1518 cst
515 1498 550 1518 ea
568 1490 613 1517 vis
637 1491 757 1523 animae,
782 1498 848 1525 quoe
872 1489 1049 1525 supponitur

272 1538 330 1565 Deo
347 1537 516 1565 immediate
528 1558 536 1571 ,
553 1545 613 1573 qua
632 1536 669 1564 de
688 1536 811 1570 divinis,
828 1539 972 1572 quantum
997 1536 1049 1563 lio-

273 1584 344 1611 mini
371 1584 510 1619 possibile
538 1586 594 1618 est,
624 1583 822 1618 cognoscitur.
837 1594 849 1607 »
878 1583 950 1616 Sed,
975 1582 1049 1610 sieut

274 1629 344 1658 dicit
367 1630 530 1658 Riehardus
553 1632 573 1665 ³,
590 1638 626 1657 ex
653 1629 843 1665 intelligentia
865 1629 957 1656 oritur
981 1637 1050 1657 eon-

274 1677 440 1712 templatio,
455 1686 491 1704 ex
503 1677 615 1704 ratione
632 1678 730 1704 autem
745 1676 838 1703 oritur
852 1676 1004 1703 meditatio
1016 1686 1022 1710 3
1034 1687 1047 1702 »

274 1725 301 1751 et
316 1731 351 1750 ex
366 1723 423 1750 hoe
438 1723 499 1759 ipse
516 1723 657 1757 ostendit,
678 1725 821 1758 quantum
838 1722 1049 1758 contemplatio

275 1770 398 1797 excedat
412 1770 633 1797 meditationem
653 1778 657 1795 :
675 1777 709 1796 ex
726 1777 786 1804 quo
801 1771 879 1804 patet
895 1769 983 1796 etiam
999 1768 1053 1795 ‹lir-

276 1816 398 1843 i'erentia
414 1825 527 1843 eorum.
543 1816 623 1843 Unde
640 1815 801 1842 nit-hardus
815 1815 884 1842 dicit
897 1815 937 1841 sie
951 1824 957 1842 :
976 1825 989 1839 α
1003 1816 1052 1842 Ee—

277 1869 308 1887 ce
329 1861 402 1895 tria,
421 1860 592 1894 imaginatio
609 1881 615 1892 ‚
637 1859 712 1886 ratio
725 1879 732 1892 ,
754 1859 955 1893 intelligentia.
978 1860 1053 1886 inter

276 1908 338 1934 hare
348 1907 537 1941 intelligentia
549 1906 660 1934 obtinet
672 1914 845 1941 supremum
857 1905 967 1940 loenni,
978 1906 1051 1933 ima-

278 1954 389 1989 ginatio
405 1955 555 1988 intimum,
571 1954 643 1981 ratio
658 1954 790 1981 medinm
806 1962 812 1980 :
831 1956 857 1980 et
872 1954 972 1980 omnia
987 1961 1053 1988 qum

278 2001 431 2036 subjacent
446 2001 542 2028 sensui
559 2001 686 2028 inferiori
697 2022 704 2034 ,
718 2008 836 2027 neeesse
850 2002 891 2027 est
906 2008 940 2027 ea
954 2000 1053 2034 subja-

279 2056 343 2075 cere
357 2048 454 2075 sensui
469 2047 634 2083 superiori3
650 2047 700 2074 sed
718 2055 778 2074 non
796 2055 809 2072 e
826 2054 979 2073 converso.
998 2048 1052 2073 Un—

280 2094 316 2121 de
344 2096 470 2128 constat,
497 2094 580 2130 qnod
600 2096 704 2120 cuneta
724 2102 790 2128 quoe
812 2093 982 2127 imaginatio
1008 2093 1054 2120 vel

280 2140 354 2168 ratio
370 2140 604 2176 comprehendit,
616 2140 671 2167 sub
685 2139 877 2174 intelligentia
889 2139 1012 2173 eadunt,
1029 2142 1056 2167 et

281 2188 368 2214 etiam
383 2187 450 2221 illa,
468 2195 533 2222 quse
548 2195 602 2213 nee
618 2186 790 2220 imaginatio
807 2186 853 2213 vel
877 2185 951 2213 ratio
974 2194 1056 2213 com-

281 2234 445 2268 prehendit.
463 2245 475 2259 u
494 2234 630 2269 Sequitur
647 2243 653 2260 :
681 2245 693 2259 «
706 2233 776 2260 Vide
796 2241 887 2268 quam
907 2233 963 2260 late
986 2242 1056 2260 eon-

282 2280 480 2315 templationis
495 2280 594 2307 radius
609 2288 639 2307 se
655 2281 821 2314 expandat.
836 2280 886 2315 qui
907 2279 1008 2307 onmia
1024 2280 1057 2307 il-

282 2324 399 2359 lustrat,
416 2329 443 2353 et
462 2326 617 2361 quomodo
639 2326 848 2361 contemplatio
869 2326 924 2353 sub
942 2334 1001 2353 uno
1017 2327 1058 2354 vi-

283 2372 374 2399 sionis
388 2372 487 2406 radio,
504 2373 540 2399 ad
558 2372 712 2399 innumera
727 2380 757 2399 se
774 2372 912 2399 extendit.
927 2382 939 2396 u
959 2373 1057 2408 Sequi-

284 2418 332 2445 tur
348 2426 353 2445 :
371 2428 384 2444 α
397 2420 448 2445 Per
462 2418 684 2452 intelligentiam
698 2418 848 2453 siquidem
860 2418 940 2445 sinus
952 2419 1057 2446 mentis

283 2464 315 2492 in
328 2465 506 2492 immensum
518 2465 704 2500 expanditur,
719 2466 746 2492 et
758 2465 984 2499 contemplantis
997 2466 1059 2493 ani—

285 2511 325 2538 mi
351 2511 427 2539 aeies
445 2512 569 2545 acuitur,
585 2514 617 2538 ut
635 2519 728 2546 capax
749 2511 785 2538 sit
806 2510 846 2538 ad
866 2511 958 2539 multa
979 2520 1059 2540 com-

318 2587 324 2599 “
341 2586 426 2616 Greg.,
449 2585 549 2616 Moral„
573 2586 605 2609 lib
629 2587 674 2613 111,
698 2594 718 2609 e.
743 2592 778 2610 Νι.
795 2599 826 2603 -
850 2586 860 2601 ²
881 2586 913 2609 De
940 2586 1008 2617 Spsr.
1037 2591 1060 2612 vt

286 2620 380 2650 Amm,
405 2629 425 2646 c.
450 2627 529 2645 x1.—
553 2622 563 2638 ³
584 2622 712 2651 Richard„
736 2622 764 2644 de
788 2621 844 2646 Are.
868 2622 954 2652 Mysf„
974 2623 1016 2646 111).
1041 2624 1058 2653 1,

288 2662 308 2682 c.
336 2662 372 2682 111.
395 2670 425 2675 -
448 2658 455 2671 ⁴
478 2659 552 2688 Augu,
576 2657 605 2681 de
634 2657 733 2689 Triuia,
757 2657 800 2681 lib.
825 2657 880 2687 XV,
905 2665 926 2682 c.
951 2663 1008 2683 sin.
1030 2672 1059 2678 —

665 204 718 237 DE
739 203 900 237 SEPTEM
923 201 1149 235 1T1NEnlssus
1171 201 1459 236 AETERNITATIS.

1090 270 1325 307 prehendenda,
1347 273 1375 299 et
1393 271 1551 308 perspicax
1573 271 1613 300 ad
1635 269 1755 302 subtilia
1777 282 1867 311 pene-

1091 317 1209 345 tranda.
1224 327 1238 344 »
1256 319 1320 345 Haec
1335 317 1396 346 ille.
1411 319 1445 346 Et
1458 320 1580 355 propter
1591 319 1650 347 hoc
1661 319 1736 348 dicit
1749 321 1866 349 Richar-

1094 363 1150 391 dus
1159 363 1283 398 ibidem,
1293 364 1376 400 qued
1383 365 1536 393 meditatio
1545 366 1576 393 in
1587 366 1867 403 contemplationem

1094 410 1209 445 transit,
1225 412 1370 447 tanquam
1391 412 1422 439 in
1440 411 1515 439 illud
1531 412 1614 448 quod
1632 411 1788 448 perfectius
1807 415 1866 450 est,

1094 456 1126 484 id
1149 459 1205 491 est,
1229 457 1261 485 in
1284 457 1417 494 aliquem
1442 458 1570 494 gradum
1590 459 1867 496 contemplationis,

1096 503 1148 539 qui
1171 504 1277 532 dicitur
1301 505 1483 541 speculatio,
1505 505 1555 541 qui
1579 513 1642 533 non
1665 507 1708 533 est
1724 505 1869 542 perfectus

1097 550 1208 585 gradus
1231 551 1488 587 contemplationis
1500 572 1510 586 ,
1531 551 1599 580 licet
1617 560 1711 580 unum
1731 560 1786 589 pro
1809 552 1870 581 alio

1096 599 1235 632 ponatur,
1251 599 1283 625 ut
1297 600 1385 634 patet.

1132 645 1226 673 Tertio
1241 645 1397 674 sciendum
1411 649 1472 681 est,
1496 647 1579 683 quod
1595 646 1804 683 contemplatio
1819 645 1874 674 ‹iif-

1097 690 1153 718 fert
1173 699 1191 719 a
1209 692 1410 727 speculatione
1429 701 1483 730 per
1502 693 1578 728 hoc,
1602 694 1674 730 quia
1693 694 1723 721 in
1743 693 1873 729 descrip-

1098 736 1177 765 tione
1201 739 1457 775 contemplationis
1478 741 1609 776 ponitur,
1630 740 1713 777 quod
1734 740 1825 768 fertur
1842 739 1872 767 in

1099 783 1249 819 sapientiae
1271 786 1448 821 spectacula.
1474 789 1512 815 tie
1532 795 1593 823 quo
1615 789 1703 820 nota,
1725 787 1809 823 quod
1828 793 1873 814 se-

1101 830 1234 859 cundum
1247 833 1441 867 Augustinum
1451 834 1473 867 ‘,
1491 833 1569 862 libro
1587 834 1690 870 quinto
1710 833 1827 862 decimo
1842 832 1875 860 de

1103 878 1254 911 Trinitate,
1277 879 1439 915 speculatio
1459 880 1576 914 dieitur,
1597 889 1665 908 cum
1685 879 1800 916 aliquid
1814 887 1876 908 non

1101 924 1132 952 in
1146 933 1177 952 se
1187 945 1196 959 ‚
1218 925 1271 953 sed
1285 933 1337 961 per
1352 927 1595 962 imaginationem
1609 936 1694 955 suam
1707 927 1834 961 videtur,
1850 929 1878 955 et

1102 971 1133 998 in
1146 971 1300 1007 aenigmate
1311 994 1321 1007 ,
1335 973 1366 1001 id
1382 975 1439 1008 est,
1456 974 1591 1002 obscure.
1608 974 1782 1010 aichardus,
1797 974 1876 1003 libro

1103 1018 1206 1054 quinto
1222 1019 1254 1046 de
1267 1020 1342 1047 Arca
1359 1023 1471 1054 mystica
1481 1022 1502 1055 ⁵,
1518 1021 1588 1049 dicit
1601 1030 1607 1049 :
1628 1031 1640 1047 «
1655 1022 1795 1055 Quamvis
1809 1030 1878 1050 con-

1102 1065 1254 1101 templatio
1280 1068 1308 1094 et
1335 1067 1498 1102 speculatio
1526 1076 1580 1104 pro
1609 1067 1734 1096 invicem
1764 1068 1878 1097 soleant

1102 1113 1191 1149 poni,
1213 1114 1284 1141 etin
1299 1113 1356 1141 hoe
1371 1122 1447 1150 saepe
1466 1115 1619 1150 scripturae
1640 1115 1788 1143 sententias
1808 1123 1878 1152 pro-

1103 1160 1256 1196 prietatem
1277 1160 1454 1189 obnubilent
1475 1163 1503 1189 et
1521 1161 1693 1196 involvant3
1716 1162 1812 1198 aptius
1835 1165 1877 1190 ta-

1103 1214 1172 1234 men
1207 1209 1235 1235 et
1266 1207 1432 1243 expressius
1463 1208 1697 1244 speculationem
1732 1208 1858 1236 dicimus
1869 1230 1878 1242 ,

1104 1254 1226 1289 quando
1241 1262 1295 1290 per
1309 1254 1463 1290 speculum
1478 1255 1640 1286 cernimus:
1657 1255 1880 1291 contemplatio-

1104 1309 1173 1328 nem
1187 1308 1257 1329 vero
1267 1321 1276 1335 ,
1296 1301 1418 1338 quando
1438 1302 1588 1329 veritatem
1603 1302 1665 1329 sine
1680 1302 1781 1338 aliquo
1797 1302 1880 1329 invo-

1103 1347 1186 1376 lucro
1205 1348 1440 1384 umbrarumque
1462 1348 1610 1375 velamine
1633 1348 1662 1375 in
1685 1348 1730 1376 sui
1753 1349 1879 1384 puritate

1105 1395 1250 1422 videmus.
1267 1405 1279 1421 »
1304 1395 1384 1423 L'nde
1401 1397 1482 1430 lingo
1495 1416 1502 1428 ,
1523 1395 1553 1422 in
1572 1395 1731 1431 septimum
1746 1397 1881 1430 Anqelz'coe

1106 1442 1286 1476 Ilici-archiis,
1303 1441 1391 1470 1111111(ὅ
1407 1451 1412 1468 :
1431 1453 1444 1468 «
1459 1442 1612 1477 Dionysius
1630 1444 1718 1470 vocat
1733 1443 1881 1478 simplices

1106 1489 1254 1523 fulgores,
1275 1496 1365 1525 puras
1383 1489 1615 1516 illuminationes
1634 1489 1822 1516 devenientes
1842 1489 1880 1517 ad

1106 1535 1217 1571 primas
1235 1536 1507 1571 contemplationes.
1534 1538 1607 1563 Pura
1627 1535 1804 1563 illuminatio
1820 1538 1880 1569 est,

1107 1582 1229 1618 quando
1250 1582 1356 1609 veritas
1377 1590 1430 1617 per
1451 1590 1480 1610 se
1499 1582 1593 1617 ipsam
1610 1582 1783 1617 coneipitur.
1807 1584 1882 1610 Pura

1107 1629 1316 1663 contemplatio
1333 1631 1383 1662 est,
1396 1629 1517 1664 quando
1533 1629 1638 1656 veritas
1654 1629 1682 1656 in
1699 1628 1805 1664 seipsa,
1821 1636 1881 1655 non

1106 1685 1159 1712 per
1181 1677 1343 1710 subjectam
1368 1677 1528 1711 imaginem
1552 1675 1678 1703 videtur.
1696 1686 1708 1701 ι)
1735 1677 1798 1703 Haec
1819 1675 1879 1703 illc.

1107 1725 1145 1750 Ex
1162 1732 1222 1759 quo
1238 1724 1379 1759 apparet,
1395 1723 1476 1758 quod
1494 1722 1700 1758 contemplatio
1713 1743 1720 1755 ,
1736 1722 1766 1748 in
1781 1730 1881 1757 specu-

1106 1769 1248 1797 lationem
1262 1770 1423 1805 sapientiae,
1444 1769 1600 1797 clariorem
1614 1771 1765 1804 aspectum
1780 1768 1879 1801 habet,

1108 1824 1199 1851 quam
1215 1816 1377 1851 speculatio
1390 1837 1398 1849 ,
1413 1819 1440 1843 et
1455 1819 1574 1851 gustum
1587 1816 1778 1851 sapidiorem.
1801 1814 1881 1842 Unde

1108 1863 1289 1897 Ricliardus,
1319 1863 1431 1890 ibidem
1456 1870 1609 1898 exponens
1632 1862 1749 1889 illud'1:
1781 1862 1882 1888 Montes

1108 1911 1294 1937 simulaverunt
1311 1913 1339 1937 nc
1355 1912 1452 1936 arictes
1463 1931 1469 1942 ,
1486 1912 1509 1936 et
1525 1911 1602 1936 colles
1617 1911 1687 1935 sicut
1705 1910 1769 1941 aqizi
1781 1909 1881 1940 ovium,

1109 1957 1195 1984 dicit:
1210 1967 1223 1982 α
1240 1956 1335 1984 Colles
1351 1956 1388 1983 ad
1404 1964 1549 1989 agnorum
1564 1954 1787 1982 similitudinem
1804 1954 1882 1981 exul-

1109 2006 1189 2037 tant,
1206 2003 1327 2039 quando
1343 2003 1486 2029 immensu
1503 2002 1553 2029 illa
1569 2001 1676 2028 intimae
1690 1999 1883 2028 solemnitatis

1110 2050 1238 2085 tripudia
1253 2057 1303 2077 eos
1318 2057 1411 2084 usque
1427 2057 1517 2084 supra
1534 2048 1706 2083 semetipsos
1722 2047 1838 2080 levant,
1853 2049 1884 2074 ut

1111 2096 1271 2124 coelestium
1291 2100 1471 2123 secretorum
1491 2102 1614 2129 arcana,
1636 2093 1738 2121 saltem
1754 2101 1806 2128 per
1820 2101 1884 2128 spe—

1111 2143 1211 2170 culum
1235 2143 1264 2170 in
1287 2143 1460 2176 smigmata,
1483 2141 1583 2168 videre
1608 2140 1744 2173 valeant;
1769 2141 1884 2166 montes

1111 2198 1181 2217 vero
1197 2189 1281 2225 quasi
1298 2189 1336 2216 ad
1352 2189 1441 2215 imtar
1455 2188 1577 2215 arietum
1592 2187 1740 2217 exultant,
1761 2184 1882 2222 quando

1111 2237 1239 2271 majores
1253 2235 1485 2270 injucunditatis
1500 2244 1559 2262 suae
1575 2234 1752 2267 excessibus,
1768 2233 1797 2260 in
1809 2240 1884 2268 pura

1112 2286 1140 2311 et
1160 2283 1189 2310 in
1211 2282 1336 2318 simplici
1358 2282 1477 2309 veritate
1493 2282 1613 2313 vident,
1638 2283 1666 2308 et
1683 2280 1830 2311 minores,
1853 2281 1884 2306 ut

1109 2330 1171 2365 jam
1187 2329 1298 2356 dictum
1313 2331 1371 2362 est,
1388 2329 1437 2355 vix
1451 2337 1503 2364 per
1518 2327 1670 2363 speculum
1685 2327 1714 2353 in
1729 2325 1883 2359 aenigmate

1112 2376 1212 2403 videre
1232 2375 1340 2402 valent.
1356 2386 1369 2400 »
1391 2377 1454 2403 Hire
1469 2375 1527 2401 ille.
1550 2373 1670 2408 Expedit
1688 2373 1775 2400 etiam
1790 2371 1862 2398 seire
1875 2391 1882 2405 ‚

1114 2422 1196 2458 quod
1218 2422 1415 2449 Linconiensis
1435 2421 1647 2449 commentator
1669 2417 1816 2453 ttionysii,
1840 2417 1884 2444 lo-

1114 2477 1207 2504 quens
1227 2468 1264 2495 de
1283 2468 1409 2503 speculis
1427 2466 1647 2503 spiritualibus,
1666 2472 1754 2500 snper
1769 2464 1884 2491 tertium

1114 2516 1250 2549 Anqelicoe
1269 2515 1454 2548 Hierarchn'ae,
1477 2514 1565 2546 dicit,
1590 2512 1673 2548 quod
1692 2510 1810 2546 specula
1826 2509 1885 2544 spi-

1116 2591 1125 2607 5
1136 2589 1263 2619 1116116111,
1283 2589 1313 2612 (le
1327 2589 1386 2613 Arc.
1401 2589 1485 2618 Mysi„
1502 2587 1546 2611 lib.
1562 2587 1592 2615 Υ,
1607 2593 1629 2610 c.
1648 2592 1701 2615 xiv,
1717 2585 1784 2609 eirca
1799 2583 1841 2607 fin.
1855 2595 1885 2599 —

1115 2626 1123 2640 θ
1138 2626 1213 2656 llug.,
1234 2625 1259 2648 iu
1281 2632 1338 2655 cap.
1354 2626 1418 2655 sept.
1435 2623 1495 2648 cccl.
1512 2624 1591 2652 Hier„
1607 2622 1649 2646 lib.
1666 2622 1725 2652 vn,
1740 2620 1814 2650 louge
1830 2619 1886 2648 post

1116 2661 1183 2686 med.
1195 2674 1226 2679 —
1239 2661 1246 2675 ⁷
1262 2661 1327 2685 Psul.
1344 2666 1420 2689 exui.
1436 2661 1458 2685 4.
