2004 3037
838 189 968 223 CAPUT
988 189 1090 222 XCIV.

158 261 231 298 quia
254 260 335 290 labia
358 261 422 296 ejus
445 261 660 298 movebantur,
686 262 715 289 et
737 267 798 289 vox
820 258 939 296 penitus

158 316 221 337 non
235 307 422 337 audiebatur.
438 310 449 338 1
463 309 541 344 Ray„
556 317 577 343 1,
594 311 638 337 13.

194 355 331 390 Samuel,
347 355 499 384 dormiens
517 355 548 384 in
563 354 772 389 tabernaculo,
787 354 937 382 ostensam

158 402 215 432 sibi
230 402 377 431 visionem
394 410 456 430 non
474 402 619 430 indicavit
638 401 711 436 Heli,
732 401 829 429 donec
844 400 935 428 inter-

157 452 279 486 rogatus
292 451 321 478 et
335 449 490 486 adjuratus
503 448 558 477 fuit
571 449 610 477 ab
625 448 689 477 illo.
703 450 714 477 1
728 449 806 483 Regi„
820 455 863 476 ιιι.

195 498 269 525 Cum
279 496 334 525 filii
349 496 440 525 Belial
454 495 583 524 dicerent
595 495 633 524 de
646 495 733 524 Saule
748 503 830 523 novo
844 501 915 529 rege
928 502 935 522 :

162 554 176 571 α
187 546 264 574 Num
278 545 392 573 salvare
411 552 468 572 nos
487 543 596 580 poterit
613 543 687 571 iste?
700 553 713 570 n
732 542 784 570 ille
799 541 938 569 dissimu-

158 592 241 621 labat
254 600 285 621 se
305 591 420 626 audire,
442 593 452 620 1
471 593 549 626 Req„
571 599 600 619 x.
621 593 660 619 Ex
679 598 741 627 quo
763 589 938 625 intelligitur

159 639 244 677 quod
257 641 342 668 caute
357 639 482 667 tacebat.

194 687 268 715 Cum
288 685 382 714 David
402 688 505 714 contra
522 686 616 714 Nabal
637 685 783 719 turbatus,
806 685 939 721 postmo-

157 733 231 761 dum
251 741 305 769 per
328 733 444 769 Abigail
463 733 626 770 prudenter
648 733 780 761 locutam
803 731 937 768 placatus

155 780 271 815 fuisset,
292 780 344 808 illa
368 789 428 808 non
447 781 602 809 indicabat
615 780 672 817 ipsi
686 778 782 808 Nabal
795 778 861 806 viro
881 786 937 806 suo

155 827 282 855 verbum
294 827 437 864 pusillum
450 829 502 856 aut
516 828 629 864 grande
644 835 738 864 usque
753 833 853 860 mane,
869 833 938 853 cum

156 874 271 909 vinum,
287 875 370 911 quod
384 875 512 909 biberat,
528 875 660 911 digessit.

192 921 314 957 Tobiae,
335 922 443 950 auditis
464 923 565 951 verbis
590 922 740 958 injuriosis
765 921 804 949 ab
832 928 938 955 uxore,

156 978 218 999 non
232 969 340 1005 legitur
353 969 380 998 ei
395 969 595 1006 respondisse,
611 970 666 998 sed
679 969 836 1005 ingemuit,
852 970 880 997 et
895 968 939 996 in-

157 1017 246 1054 coepit
259 1017 378 1054 plorare
394 1026 463 1045 cum
477 1017 628 1053 lacrymis.
644 1018 718 1050 Tob„
734 1025 755 1045 ιι
771 1018 800 1044 et
813 1024 856 1044 ιιι.

194 1066 267 1093 Cum
279 1064 389 1092 aneilla
402 1065 474 1092 Sara
489 1064 611 1092 dixisset
625 1064 757 1092 dominae
773 1063 872 1099 gravis
886 1062 939 1090 im-

157 1111 290 1149 properii
309 1113 337 1139 et
356 1111 575 1139 maledictionis
595 1111 739 1146 verbum,
755 1112 826 1139 Sara
839 1112 940 1138 tacens

160 1159 244 1187 cessit
258 1159 311 1193 liti,
326 1160 353 1187 et
367 1167 495 1194 pergens
509 1158 540 1186 ιιι
555 1158 729 1186 cubiculum
744 1158 854 1186 domus
867 1165 939 1192 suae,

160 1207 267 1235 devote
282 1206 370 1242 coepit
384 1214 480 1234 orare.
495 1207 559 1241 Tob,
576 1213 618 1241 111,
635 1208 679 1236 10.

196 1253 249 1281 Diu
278 1253 370 1281 tacuit
397 1253 513 1288 Esther,
540 1260 602 1281 non
629 1252 765 1281 indicans
792 1252 941 1289 populum

160 1309 248 1329 suum
273 1303 302 1329 et
323 1299 452 1336 patriam
475 1308 581 1334 suam,
607 1299 682 1328 sicut
706 1300 887 1336 praeceperat
914 1298 941 1327 ei

159 1347 370 1382 Mardochaeus,
381 1355 418 1375 ne
433 1347 544 1375 scilicet
556 1354 574 1375 a
584 1354 654 1382 rege
667 1346 828 1375 haberetur
838 1353 938 1374 exosa.

160 1395 265 1428 Esther,
282 1403 303 1423 ιι
318 1396 347 1422 et
361 1402 403 1423 ιιι.

196 1444 283 1471 Beato
308 1443 364 1470 Job
393 1451 411 1470 a
437 1442 562 1470 Domino
588 1449 746 1478 percusso,
773 1449 851 1470 uxor
879 1441 942 1478 ejus

161 1490 247 1518 stulte
261 1490 362 1518 locuta
377 1491 428 1518 est.
444 1490 502 1524 Iob,
518 1497 549 1518 ιι.

197 1538 319 1566 Sanctus
333 1537 388 1565 Job
404 1537 498 1572 magis
513 1536 630 1564 videtur
642 1536 772 1572 seipsum
784 1535 943 1572 reprehen-

161 1585 232 1612 dere
247 1584 285 1611 de
300 1585 367 1612 actu
383 1583 541 1620 loquendi,
558 1591 651 1619 quam
665 1582 702 1610 de
718 1583 778 1610 alio
793 1590 942 1619 quocum-

162 1639 230 1668 que.
251 1631 333 1659 Unde
353 1630 424 1659 dicit
441 1631 500 1663 Job,
528 1639 636 1664 xxmx,
663 1632 696 1658 34
714 1640 719 1657 :
739 1630 823 1664 «Qui
840 1629 943 1658 leviter

161 1678 276 1706 locutus
296 1686 377 1712 sum,
392 1688 405 1704 »
424 1680 478 1706 ete.
498 1678 613 1711 «Quod
632 1678 747 1705 utinam
768 1685 830 1705 non
850 1676 943 1704 dixis-

161 1734 241 1761 sem,
262 1736 276 1753 »
299 1728 366 1761 etc.;
387 1727 416 1754 et
435 1734 508 1760 xui,
528 1727 544 1753 3
565 1735 571 1754 :
597 1735 610 1752 «
630 1725 805 1761 insipienter
826 1725 943 1753 locutus

161 1781 238 1808 sum,
253 1775 280 1801 et
291 1781 357 1809 quae
369 1773 446 1801 ultra
460 1773 587 1801 modum
600 1773 777 1801 excederent
789 1772 942 1800 scientiam

161 1828 270 1848 meam.
286 1830 300 1846 »

198 1868 271 1894 Cum
294 1867 382 1894 Rasin
403 1875 455 1895 rex
476 1867 582 1903 Syriae,
603 1868 631 1895 et
650 1867 761 1895 Phacec
781 1875 834 1894 rex
854 1867 942 1895 lsrael

161 1913 386 1950 proposuissent
406 1913 533 1949 praeliari
555 1914 666 1949 pariter
689 1915 793 1941 contra
815 1913 940 1948 ludam,

162 1960 235 1988 dlxit
249 1960 337 1988 lsaias
352 1960 499 1996 propheta
519 1961 614 1988 Achaz
635 1960 698 1995 regi
718 1960 794 1988 Juda
814 1969 821 1987 z
842 1959 942 1987 «Vide

161 2010 194 2035 ut
208 2007 310 2041 sileas,
330 2007 392 2035 noli
412 2007 530 2042 timere,
547 2010 575 2035 et
598 2015 651 2035 cor
673 2009 759 2035 tuum
781 2015 818 2035 ne
839 2007 943 2036 formi-

162 2054 221 2089 det,
238 2065 251 2079 »
268 2057 322 2082 etc.
339 2056 417 2085 lsai„
436 2063 486 2087 vu,
501 2056 528 2082 4.

197 2101 345 2129 Mandavit
361 2101 497 2129 Ezechias
513 2109 565 2128 rex
579 2101 669 2136 iuda,
688 2109 725 2129 ne
742 2101 874 2137 populus
889 2101 943 2129 ali-

162 2148 235 2184 quid
250 2148 444 2184 responderet
457 2148 581 2176 Rabsaci
599 2156 605 2175 :
623 2150 650 2176 et
665 2148 823 2182 siluerunt,
840 2150 868 2176 et
880 2156 942 2176 non

160 2195 381 2231 responderunt
395 2195 421 2222 ei
436 2195 572 2223 verbum.
591 2197 656 2230 Isa„
672 2204 769 2224 xxxvr.

195 2242 336 2270 Jeremias
354 2242 385 2269 in
403 2245 487 2271 utero
503 2242 715 2278 sanctificatus,
732 2245 760 2271 et
781 2251 800 2271 a
814 2242 940 2271 Domino

160 2289 306 2326 propheta
320 2289 418 2324 datus,
431 2290 593 2317 excusabat
606 2298 636 2317 se
653 2290 753 2317 dicens
768 2299 774 2317 :
791 2299 804 2315 «
816 2292 850 2324 A,
866 2298 894 2324 a,
911 2298 940 2324 a,

160 2337 283 2365 Domine
300 2338 392 2364 Deus:
411 2345 479 2365 ecce
491 2337 591 2365 nescio
614 2336 709 2373 loqui,
721 2346 734 2363 ι)
754 2339 807 2364 etc.
829 2338 938 2369 Jerem..

160 2392 179 2419 ι,
196 2387 222 2412 6.

196 2431 332 2459 Adducta
345 2431 494 2465 Susanna,
509 2433 541 2458 ut
559 2430 654 2467 iniqui
674 2439 759 2459 senes
774 2430 941 2467 presbyteri

159 2477 268 2506 ferrent
287 2478 487 2506 testimonium
507 2478 616 2505 salsum
638 2481 741 2505 contra
761 2486 843 2511 eam,
865 2478 940 2506 flens

161 2525 292 2560 suspexit
306 2525 344 2553 ad
359 2525 485 2558 coelum,
501 2527 529 2552 et
543 2524 683 2552 clamavit
702 2525 742 2552 ad
764 2525 938 2560 Dominum,

161 2571 213 2598 sed
235 2571 456 2599 accusatoribus
477 2579 538 2599 non
561 2571 667 2607 legitur
689 2571 798 2600 directe
820 2580 941 2609 respon-

162 2617 249 2645 disse.
267 2619 349 2650 Dan„
365 2626 426 2645 xiii.

198 2665 288 2692 Judaei
303 2665 490 2699 agriculturae
505 2673 628 2700 operam
644 2666 774 2700 dabant5
791 2667 843 2694 sed
859 2666 940 2695 Nica-

1715 191 1774 221 599

992 265 1049 286 nor
1063 259 1092 287 et
1109 257 1234 294 quidam
1248 256 1299 286 alii
1314 265 1377 285 non
1393 257 1531 286 sinebant
1545 264 1597 286 eos
1612 257 1644 285 in
1657 255 1774 286 silentio

992 312 1091 341 agere,
1107 307 1136 333 et
1149 304 1258 341 quiete.
1276 305 1295 333 u
1311 305 1446 336 Machab..
1463 312 1512 339 xii,
1528 305 1556 332 2.

1028 353 1114 380 Beata
1133 351 1221 380 Maria
1239 351 1326 387 virgo
1344 351 1453 387 legitur
1472 351 1502 379 in
1523 350 1691 386 Evangeliis
1708 352 1774 379 tan-

990 399 1149 428 tummodo
1170 399 1258 427 fuisse
1278 399 1380 427 locuta
1400 407 1469 426 cum
1490 399 1619 435 Angelo,
1647 401 1721 434 Luc„
1744 407 1773 434 ις

990 446 1061 475 item
1075 455 1144 474 cum
1159 446 1319 481 Elisabeth,
1333 447 1411 481 Luc„
1425 454 1452 481 ι;
1468 446 1538 474 item
1551 454 1620 474 cum
1632 445 1695 474 filio
1708 453 1775 480 suo,

991 495 1069 528 Luc„
1085 502 1119 528 ιι,
1137 494 1171 521 48
1190 503 1198 521 2
1218 504 1232 519 «
1248 493 1315 528 Fili,
1331 493 1406 529 quid
1424 493 1536 521 fecisti?
1549 503 1562 518 »
1579 494 1666 527 Item,
1682 493 1775 527 Jomz„

990 549 1022 576 ιι,
1039 542 1078 569 3:
1098 550 1112 567 t<
1127 540 1233 569 Vinum
1255 548 1317 568 non
1336 541 1457 569 habent.
1473 551 1486 566 n
1506 542 1629 574 lterum,
1651 539 1775 576 quando

991 588 1143 616 ministros
1172 588 1345 624 nuptiarum
1373 587 1507 622 instruit,
1536 589 1628 622 Joan„
1658 595 1696 620 11,
1727 589 1742 614 5
1767 596 1773 614 :

994 644 1007 661 α
1024 635 1246 671 Quodcumque
1260 635 1349 663 vobis
1363 635 1481 669 dixerit,
1497 635 1592 663 facite.
1607 645 1621 661 n
1637 634 1713 662 Licet
1725 642 1777 662 au-

991 682 1052 710 tem
1076 681 1225 710 Elisabeth
1251 689 1318 709 eam
1342 681 1501 717 magnifice
1526 681 1775 716 commendasset,

991 731 1067 759 nihil
1088 732 1188 759 tamen
1208 730 1234 758 ei
1256 730 1365 758 directe
1387 731 1559 767 respondit,
1580 730 1633 759 sed
1653 730 1692 758 ad
1713 730 1778 759 lau-

992 778 1128 807 dandum
1143 778 1301 806 Dominum
1316 786 1346 806 se
1362 778 1517 812 convertit,
1532 779 1609 813 Luc„
1625 786 1646 812 1,
1661 779 1706 806 46.

1028 826 1118 854 Maria
1131 825 1292 862 peccatrix,
1308 825 1430 853 veniens
1445 825 1485 852 ad
1503 825 1595 861 pedes
1615 825 1730 853 Domini
1745 825 1776 853 in

993 872 1086 901 domo
1101 872 1239 907 Simonis,
1253 872 1329 900 nihil
1344 871 1452 900 dixisse
1465 871 1602 906 refertur,
1615 872 1668 899 sed
1683 871 1778 908 lacry-

993 921 1049 949 mis
1064 921 1152 957 coepit
1166 921 1264 956 rigare
1278 921 1371 957 pedes
1385 921 1460 956 ejus,
1472 922 1549 954 Luc„
1562 928 1614 954 vn,
1630 921 1674 948 38.
1692 920 1776 948 Simi-

993 967 1060 996 liter
1074 968 1171 996 sorori
1190 968 1228 996 de
1246 968 1311 1004 ipsa
1330 967 1539 1004 conquerenti,
1559 967 1634 995 nihil
1651 975 1774 1003 respon—

994 1014 1047 1050 dit,
1065 1016 1140 1050 Luc„
1156 1023 1184 1043 x.
1202 1017 1312 1043 Rursus
1330 1015 1452 1050 indigne
1470 1014 1633 1042 serentibus
1654 1014 1775 1042 effusio-

994 1070 1065 1090 nem
1088 1062 1249 1097 unguenti,
1271 1064 1299 1090 et
1323 1062 1354 1089 in
1377 1070 1444 1090 eam
1470 1061 1682 1096 frementibus,
1702 1062 1777 1090 nihil

995 1109 1079 1144 dixit,
1095 1110 1193 1144 Marc„
1208 1117 1268 1137 xxv.
1284 1109 1370 1143 Quod
1386 1110 1485 1136 autem
1505 1108 1582 1136 bene
1600 1108 1704 1144 tacuit,
1719 1110 1776 1137 Do-

994 1156 1093 1184 minus
1113 1164 1169 1192 pro
1193 1164 1229 1184 ea
1251 1156 1422 1192 respondit,
1446 1157 1475 1184 et
1498 1164 1564 1184 eam
1589 1155 1702 1192 ubique
1727 1156 1779 1184 de-

995 1202 1098 1231 fendit.

1032 1251 1134 1280 Mulier
1150 1250 1181 1278 in
1194 1250 1342 1278 adulterio
1357 1250 1554 1286 deprehensa,
1566 1252 1595 1278 et
1609 1258 1711 1278 coram
1726 1252 1781 1279 Do-

996 1298 1079 1326 mino
1094 1299 1246 1333 accusata,
1261 1305 1324 1325 non
1338 1297 1447 1333 legitur
1461 1297 1578 1333 aliquid
1592 1297 1692 1325 locuta
1706 1305 1779 1326 esse.

997 1345 1139 1374 Dominus
1159 1347 1259 1373 autem
1278 1353 1334 1381 pro
1355 1353 1390 1373 ea
1410 1344 1539 1373 verbum
1560 1344 1735 1380 assumpsit,
1755 1347 1783 1373 et

997 1401 1065 1421 eain
1091 1392 1222 1428 denique
1242 1391 1475 1420 misericorditer
1504 1391 1642 1420 absolvit.
1669 1392 1780 1427 Joann„

998 1448 1060 1468 νιιι.

1034 1488 1159 1514 Locutus
1192 1486 1223 1513 in
1255 1493 1411 1522 synagoga
1439 1485 1547 1513 Paulus
1581 1485 1725 1520 surrexit,
1755 1487 1783 1513 et

997 1542 1091 1563 manu
1106 1534 1256 1562 silentium
1271 1533 1390 1568 indixit,
1402 1534 1478 1566 Act„
1495 1540 1556 1560 xiii.
1573 1532 1689 1561 Sciebat
1703 1532 1783 1560 enim

998 1589 1060 1609 non
1076 1589 1139 1609 esse
1154 1580 1373 1609 effundendum
1388 1588 1574 1614 sermonem,
1593 1580 1646 1608 ubi
1664 1587 1726 1608 non
1741 1582 1784 1608 est

999 1628 1137 1656 auditus:
1155 1628 1238 1664 quod
1253 1636 1330 1664 saepe
1345 1627 1376 1655 in
1391 1627 1540 1664 Scriptura
1554 1627 1708 1663 probatur.

1247 1745 1389 1779 CAPUT
1414 1745 1531 1779 XCIV.

1233 1834 1271 1859 De
1299 1832 1401 1867 affectu
1429 1832 1549 1859 carnali.

1034 1917 1148 1951 Moyses
1175 1914 1325 1942 distribuit
1352 1914 1515 1942 duodecim
1540 1914 1654 1953 hoveS,
1683 1916 1710 1941 et
1733 1923 1783 1945 sex

998 1962 1149 1997 plaustra,
1171 1969 1247 1997 quos
1276 1960 1448 1988 obtulerant
1470 1960 1620 1996 principes
1649 1960 1782 1988 filiorum

999 2008 1103 2042 lsrae13
1119 2008 1172 2035 sed
1195 2007 1314 2035 nullum
1337 2007 1421 2034 dedit
1439 2007 1509 2034 filiis
1530 2007 1636 2042 Caath,
1652 2006 1720 2035 licet
1734 2016 1781 2035 es-

998 2057 1062 2083 sent
1076 2054 1170 2089 magis
1186 2054 1359 2090 propinqui.
1374 2055 1469 2088 Num„
1486 2062 1535 2082 v11.

1034 2103 1097 2130 Non
1116 2101 1224 2136 legitur
1244 2104 1356 2137 Moyses
1376 2101 1464 2128 alicui
1481 2101 1518 2128 de
1534 2100 1602 2128 filiis
1618 2101 1678 2128 suis
1697 2109 1781 2136 mag-

997 2157 1071 2177 num
1092 2148 1225 2176 officium
1248 2147 1381 2182 dedisse,
1402 2148 1470 2176 licet
1488 2148 1552 2184 ipse
1573 2156 1591 2175 a
1610 2148 1724 2184 populo
1750 2149 1780 2176 in

996 2198 1078 2224 tanta
1092 2194 1256 2223 reverentia
1271 2194 1441 2222 haberetur.

1032 2242 1187 2271 Moriturus
1202 2243 1315 2277 Moyses
1334 2241 1458 2269 sollicite
1478 2241 1598 2276 rogavit
1622 2242 1781 2270 Dominum

997 2298 1052 2326 pro
1067 2288 1193 2325 populo,
1209 2290 1241 2315 ut
1260 2289 1286 2315 ei
1307 2288 1345 2316 de
1365 2288 1441 2315 duce
1460 2288 1572 2316 idoneo
1593 2289 1778 2325 provideret3

996 2336 1112 2364 nullum
1133 2337 1231 2363 tamen
1253 2334 1290 2363 de
1310 2343 1417 2370 genere
1432 2343 1487 2363 suo
1501 2335 1596 2364 voluit
1611 2336 1778 2364 nominare.

997 2384 1024 2413 N
1026 2392 1091 2416 um„
1105 2390 1195 2411 xxvn.

1032 2430 1213 2458 Distribuens
1228 2430 1315 2457 Josue
1329 2430 1439 2456 terram
1453 2429 1522 2456 filiis
1538 2429 1638 2463 lsrael,
1657 2429 1697 2457 ita
1711 2437 1789 2465 par--

996 2486 1064 2506 vam
1080 2477 1248 2513 portionem
1270 2476 1353 2503 dedit
1372 2476 1428 2503 illis
1450 2476 1487 2503 de
1510 2476 1588 2503 tribu
1611 2484 1679 2509 sua,
1694 2477 1778 2512 quod

997 2525 1035 2553 de
1050 2525 1105 2552 hoc
1119 2523 1251 2551 fecerunt
1271 2523 1431 2558 specialem
1447 2523 1615 2558 querelam3
1636 2523 1690 2550 sed
1708 2526 1779 2551 nota

997 2571 1225 2608 responsionem
1240 2578 1331 2606 quam
1347 2570 1414 2597 fecit
1427 2569 1478 2597 eis.
1492 2571 1559 2604 Jos.,
1575 2578 1644 2605 xvn,
1661 2571 1705 2598 15.

1034 2618 1163 2648 Audiens
1187 2617 1248 2646 Heli
1273 2618 1400 2644 mortem
1429 2616 1558 2644 duorum
1588 2616 1721 2645 filiorum
1748 2617 1779 2645 in

997 2666 1116 2702 praelio,
1132 2672 1193 2692 non
1209 2664 1290 2691 visus
1304 2665 1347 2690 est
1364 2663 1491 2691 multum
1505 2671 1624 2698 curare5
1643 2663 1696 2691 sed
1711 2672 1779 2692 cum
