2004 3037
876 238 1007 272 CAPUT
1027 237 1101 270 GlX.

180 311 273 340 masei
286 311 513 350 percussoribus
528 311 600 347 suis,
612 312 640 340 et
651 309 726 339 dixit
744 318 751 338 :
770 318 784 336 «
798 308 842 337 Dii
855 316 962 345 regum

178 358 269 396 Syriae
283 359 463 388 auxiliantur
486 359 547 396 eis;
564 366 643 396 quos
664 365 720 394 ego
740 356 870 394 placabo
891 355 960 384 hos-

177 405 224 434 tiis
238 426 249 441 ,
270 407 298 435 et
321 406 449 436 aderunt
470 406 544 435 mihi
561 415 568 435 ς
584 416 598 434 n
616 413 685 434 cum
705 413 720 433 e
740 403 889 433 contrario
905 403 962 440 ipsi

177 452 286 481 suerint
304 453 399 482 ruinae
422 454 449 482 ei
473 455 501 482 et
525 453 665 482 universo
689 451 788 481 lsrael.
816 452 837 480 11
852 451 960 487 Parat„

179 508 282 529 xxvm.

213 548 288 582 Quia
301 555 380 577 unus
405 548 487 577 solus
509 546 712 578 Mardochoeus
733 554 797 575 non
813 545 961 574 adorabat

177 597 272 624 Aman
300 595 565 632 superbissimam,
586 595 649 632 ipse
673 597 769 624 Aman
790 593 962 630 procuravit

177 642 260 679 apud
274 650 377 680 regem
399 644 559 672 Assuerum
581 650 686 671 omnes
706 641 824 671 Judaeos
848 641 959 670 debere

176 689 312 718 interfici.
327 690 416 724 Esth„
430 697 473 718 111.

211 737 359 773 Arguente
378 737 525 765 Hieremia
544 736 691 774 propheta
714 736 883 774 populum,
903 744 959 773 pro

176 791 213 813 eo
232 784 317 821 quod
339 784 548 813 sacrificabant
568 784 625 812 diis
651 784 772 818 alienis,
799 784 960 820 responde-

175 833 245 860 runt
261 840 268 859 :
287 840 301 857 «
316 833 357 859 Ex
371 840 406 860 eo
422 833 573 868 tempore,
595 839 657 868 quo
677 830 857 860 cessavimus
872 831 959 860 sacri-

175 878 265 907 ficare
279 878 389 914 reginae
404 878 486 914 coeli,
502 880 530 907 et
549 878 644 907 libare
660 879 687 906 ei
707 878 866 914 libamina,
883 878 960 907 indi-

176 934 280 962 gemus
294 925 448 959 omnibus,
467 927 494 954 et
513 925 634 961 gladio,
654 927 681 954 et
694 925 773 954 same
791 925 959 962 consumpti

176 980 289 1002 sumus.
303 983 318 1000 »
333 974 466 1009 Hierem„
479 981 558 1009 xuv,
575 974 619 1001 18.

211 1020 361 1057 Principes
388 1022 415 1049 et
441 1022 566 1057 satrapae
595 1020 673 1049 Darii
699 1020 777 1056 regis
805 1022 959 1049 Persarum

175 1069 388 1097 accusaverunt
406 1067 576 1103 Danielem,
600 1068 685 1104 quod
706 1068 800 1096 tribus
821 1068 960 1104 tempori-

174 1116 233 1144 bus
246 1124 301 1152 per
316 1115 397 1144 diem
413 1115 521 1144 orabat
534 1116 626 1143 Deum
641 1123 739 1144 suum.
756 1117 839 1150 Dan„
855 1123 896 1144 v1.

210 1162 340 1192 Alcimus
355 1162 464 1199 impius
482 1162 519 1190 de
534 1164 620 1198 gente
637 1162 808 1190 Judaeorum
818 1184 825 1197 ‚
842 1162 894 1198 qui
910 1162 959 1190 de-

175 1211 267 1239 bebat
290 1210 416 1246 diligere
439 1209 548 1237 ,Iudam
572 1211 600 1238 et
619 1209 723 1237 fratres
747 1210 826 1246 ejus,
848 1209 899 1238 ivit
919 1209 959 1238 ad

177 1257 377 1293 Demetrium,
403 1259 430 1285 et
452 1256 577 1293 quidam
599 1256 649 1285 alii
671 1256 767 1293 iniqui
792 1265 829 1285 ex
849 1257 957 1292 lsrael,

178 1305 309 1333 dicentes
326 1313 332 1332 :
351 1303 507 1333 «Perdidit
520 1304 611 1332 Judas
625 1305 654 1332 et
667 1303 771 1332 fratres
784 1304 858 1340 eJus,
876 1314 890 1331 »
901 1306 956 1333 etc.

175 1353 278 1386 Maeli..
294 1360 346 1380 v11.

211 1401 286 1429 Cum
309 1399 398 1428 vellet
423 1398 585 1429 Antiochus
608 1398 757 1427 civitatem
777 1398 958 1435 Persepolim

174 1447 319 1484 spoliare,
333 1446 452 1482 fugatus
466 1447 509 1474 est
527 1445 716 1474 multitudine
736 1445 775 1474 ad
790 1454 874 1474 arma
888 1454 958 1475 con-

173 1495 309 1523 currente
335 1502 454 1530 :quam
486 1493 628 1529 injuriam
661 1493 693 1521 in
721 1494 838 1522 Judaeos
862 1493 958 1522 voluit

170 1542 354 1578 retorquere.
370 1542 391 1569 11
406 1541 508 1574 Maeli„
524 1549 565 1569 rx.

206 1589 330 1625 Joppitae
344 1588 402 1616 tale
417 1587 564 1623 flagitium
578 1589 827 1624 perpetraverunt
843 1597 849 1616 :
868 1596 956 1624 roga-

169 1638 276 1665 verunt
292 1636 437 1664 ducentos
451 1637 464 1663 J
469 1635 580 1670 udaeos,
591 1637 623 1663 ut
638 1635 833 1663 ascenderent
847 1643 953 1672 naves;

169 1684 221 1720 qui
235 1691 303 1711 cum
318 1684 414 1711 essent
428 1682 460 1710 in
475 1682 534 1711 alto
546 1682 638 1717 mari,
654 1683 879 1712 submerserunt
893 1692 953 1712 eos,

167 1732 188 1759 11
205 1731 307 1766 Maclt„
323 1738 374 1758 xu.

204 1779 262 1806 Nec
281 1778 414 1805 austerus
428 1776 549 1804 Joannis
569 1776 682 1811 victus,
698 1784 753 1804 nec
772 1777 955 1806 condescen-

167 1825 232 1853 siva
246 1824 439 1852 manducatIO
457 1823 633 1858 Salvatoris‚
654 1823 767 1860 placuit
788 1824 954 1859 Pharisaeis,

167 1872 281 1906 Matth„
296 1880 337 1899 xr.

203 1918 339 1946 Pharisaei
364 1917 500 1945 videntes
530 1917 694 1945 Dominum
724 1918 872 1947 daemonia
904 1919 956 1954 eji-

167 1965 306 1999 cIentem,
320 1964 414 1992 turbis
430 1964 599 1992 dicentibus
617 1974 624 1992 :
645 1974 659 1990 (ι
673 1965 826 2001 Numquid
849 1966 897 1994 hic
912 1968 955 1994 est

169 2012 249 2040 filius
265 2012 359 2040 David
376 2013 390 2039 ἰ)
407 2022 419 2037 »
438 2011 689 2048 blasphemabant
704 2012 834 2040 dicentes
850 2021 856 2040 :
877 2022 889 2038 ε(
904 2013 954 2041 Hic

167 2068 227 2088 non
246 2059 324 2095 ejicIt
338 2059 505 2093 daemones,
521 2059 577 2086 nisi
593 2059 624 2086 in
639 2059 804 2087 Beelzebub
818 2060 953 2096 principe

167 2107 395 2135 daemoniorum.
413 2117 425 2132 ι)
448 2107 559 2141 Matth„
576 2115 636 2141 xu;
656 2108 730 2141 Luc„
745 2115 786 2134 xl.

166 2154 296 2189 §Nimia
309 2154 363 2182 fuit
382 2154 559 2190 perversitas
584 2154 614 2181 in
641 2154 734 2188 Juda,
752 2154 804 2190 qui
824 2162 880 2190 pro
903 2154 953 2182 tri-

167 2202 248 2238 ginta
258 2201 404 2237 argenteis
412 2201 534 2229 tradidit
543 2201 734 2229 Salvatorem.
746 2202 858 2237 March„
868 2210 951 2230 xxvr.

434 2296 577 2330 CAPUT
602 2296 687 2329 CIX.

371 2371 406 2398 De
424 2371 546 2405 nequitia
565 2372 751 2405 tyrannorum.

206 2440 307 2469 Varias
322 2439 476 2468 adinvenit
497 2439 624 2467 malitias
648 2440 778 2475 Pharao,
800 2442 831 2468 ut
854 2443 953 2477 posset

170 2490 357 2525 extinguere,
372 2488 421 2516 vel
442 2487 481 2516 ad
496 2496 654 2516 numerum
673 2496 802 2524 parvum
816 2489 952 2524 redigere

169 2536 248 2564 filios
263 2536 369 2571 lsrael,
385 2535 486 2570 Eaeod„
502 2543 521 2562 1.
544 2536 575 2563 ln
597 2535 745 2571 principio
768 2536 847 2563 enim
871 2536 952 2564 duris

170 2583 326 2612 laboribus
347 2591 397 2611 eos
418 2582 557 2619 praecepit
581 2582 688 2618 affligi,
705 2582 813 2610 deinde
833 2591 951 2611 mascu-

170 2631 215 2660 los
231 2630 342 2665 occidi3
357 2632 462 2667 postea
475 2629 630 2657 mandavit
644 2638 696 2658 eos
709 2630 739 2657 iu
753 2630 865 2658 flumen
880 2638 949 2667 pro-

168 2678 217 2713 jici
226 2698 235 2712 ,
251 2679 279 2705 et
292 2677 417 2705 feminas
431 2676 586 2705 reservari.

207 2724 304 2752 Primo
319 2724 490 2761 simpliciter
505 2723 578 2752 dixit
592 2725 725 2753 Pharao:
746 2735 759 2751 ‹.‹
774 2725 875 2754 Nescio
898 2727 951 2754 Do-

1741 239 1800 268 617

1017 305 1151 339 minum,
1169 308 1198 336 et
1210 305 1299 335 lsrael
1320 312 1383 334 non
1403 305 1566 340 dimittam,
1580 315 1594 332 n
1612 304 1713 341 Eat-od„
1725 312 1756 341 v,
1772 306 1801 335 2.

1018 354 1131 382 Deinde
1145 353 1302 389 concessit,
1318 352 1420 382 dicens
1436 361 1443 380 :
1462 361 1476 379 α
1491 354 1532 381 lte
1543 373 1552 388 ,
1569 351 1732 381 sacrificate
1746 352 1802 381 Do-

1018 401 1102 430 mino
1117 401 1148 429 in
1161 402 1241 429 terra
1254 401 1328 435 hac,
1342 410 1356 428 »
1373 399 1476 434 Exod„
1491 407 1558 435 vm,
1574 401 1619 428 24.
1638 401 1741 428 Postea
1755 399 1801 428 di-

1018 449 1133 478 mittere
1150 457 1201 478 005
1215 448 1311 477 voluIt
1327 448 1362 485 (a)
1373 469 1382 483 ‚
1401 450 1434 476 ut
1454 447 1656 476 sacrificarent
1673 448 1800 476 Domino

1017 497 1050 526 in
1073 497 1187 526 deserto
1196 506 1204 533 3
1220 498 1428 525 verumtamen
1447 504 1510 524 non
1524 495 1644 532 longius
1655 517 1663 531 ,
1683 504 1721 524 ne
1735 495 1800 524 abi-

1016 547 1097 580 rent,
1115 545 1215 581 Exod„
1229 553 1282 573 vm
1289 565 1299 580 ‚
1318 546 1364 573 28.
1381 543 1576 572 Postmodum
1591 542 1687 572 voluit
1700 544 1732 571 ut
1745 543 1800 572 viri

1016 593 1108 628 irent,
1124 593 1199 621 dum
1212 593 1317 621 tamen·
1329 599 1401 621 oves
1416 592 1444 620 et
1460 593 1594 620 armenta
1608 590 1799 628 dimitterent,

1016 640 1116 673 Eaeocl.,
1132 649 1166 675 x,
1181 641 1226 669 24.

1052 689 1213 724 Postquam
1234 686 1378 715 intellexit
1402 685 1517 715 Pharao
1532 685 1616 722 quod
1639 685 1694 714 filii
1712 685 1801 714 lsrael

1015 735 1177 764 voluerunt
1192 734 1300 763 servire
1316 736 1344 762 et
1358 733 1525 763 sacrificare
1541 733 1679 769 Domino,
1696 733 1800 762 durius

1016 782 1121 811 afflixit
1136 790 1187 810 eos
1197 803 1206 817 ,
1221 781 1325 815 Emod„
1337 789 1367 809 v.

1052 830 1244 867 Septuaginta
1258 837 1357 865 reges,
1370 829 1530 865 amputatis
1544 837 1689 857 manuum
1704 837 1737 857 ae
1749 837 1800 865 pe-

1017 877 1091 905 dum
1111 877 1350 912 summitatibus,
1373 876 1556 912 colligebant
1579 876 1722 913 reliquias
1743 877 1799 905 sub

1015 934 1119 954 mensa
1133 925 1332 954 Adonibezec.
1347 924 1451 959 Judic„
1465 932 1490 959 1,
1506 926 1533 952 6.

1051 973 1225 1001 Abimelech
1239 972 1318 1000 filius
1333 971 1490 1007 Gedeonis,
1503 972 1648 1008 usurpato
1663 971 1799 1001 dominio

1015 1028 1105 1056 super
1118 1020 1282 1057 populum,
1300 1018 1487 1056 septuaginta
1498 1020 1580 1047 viros
1603 1018 1706 1047 fratres
1729 1026 1799 1048 suos

1017 1068 1127 1096 occidit
1141 1075 1230 1103 super
1244 1066 1378 1103 lapidem
1391 1074 1496 1094 unum.
1511 1066 1616 1100 Jztdz'c„
1632 1074 1672 1094 ix.

1052 1116 1119 1143 Post
1137 1114 1232 1143 multa
1247 1113 1394 1142 beneficia
1408 1122 1425 1142 a
1443 1113 1537 1142 David
1556 1116 1713 1151 percepta,
1730 1114 1799 1143 Saul

1014 1162 1113 1199 ipsum
1128 1161 1263 1198 quaesivit
1278 1161 1318 1189 ad
1332 1162 1475 1196 mortem,
1489 1163 1516 1188 et
1527 1160 1636 1189 occidit
1650 1161 1800 1197 octoginta

1015 1209 1148 1245 quinque
1163 1209 1244 1237 viros
1267 1210 1421 1245 portantas
1442 1208 1559 1245 ephod,
1576 1208 1732 1238 occasione
1754 1208 1799 1245 ip-

1013 1256 1084 1285 sius.
1101 1257 1110 1284 1
1126 1257 1202 1291 Ray„
1218 1265 1291 1284 xxn.

1050 1303 1154 1331 Virum
1177 1304 1227 1331 Dei
1252 1305 1426 1339 arguentem
1449 1303 1611 1332 Jeroboam
1633 1311 1689 1339 pro
1714 1303 1799 1332 altari

1013 1351 1158 1386 sacrilego
1169 1351 1253 1387 quod
1265 1352 1478 1386 construxerat,
1489 1350 1629 1387 praecepit
1638 1350 1799 1380 Jeroboam

1013 1398 1212 1435 apprehendi.
1231 1399 1263 1426 111
1279 1399 1354 1433 Rea,
1369 1406 1433 1427 xm.

1049 1445 1166 1473 Jezebel
1181 1445 1248 1473 fecit
1267 1445 1361 1473 Elian]
1376 1445 1415 1473 ad
1435 1446 1564 1473 mortem
1589 1445 1705 1482 quaeri,
1727 1446 1798 1483 qnia

1012 1492 1172 1529 prophetas
1186 1492 1256 1520 Baal
1270 1491 1379 1520 fecerat
1392 1492 1497 1520 occidi.
1514 1493 1547 1520 111
1566 1493 1642 1528 Ray„
1658 1501 1719 1521 mx.

1047 1539 1165 1568 Naboth
1174 1539 1360 1568 Jezrahelites
1370 1539 1520 1575 lapidatus
1530 1539 1593 1574 fuit,
1606 1540 1677 1575 quia
1687 1549 1796 1576 procu-

1012 1587 1088 1616 ravit
1101 1586 1220 1615 Jezabel
1241 1588 1344 1615 contra
1360 1595 1430 1614 eum
1448 1586 1538 1615 falsos
1553 1588 1639 1615 testes
1657 1588 1796 1623 produci.

1011 1635 1046 1664 111
1060 1636 1136 1671 Rea„
1152 1644 1213 1663 xxn

1047 1682 1149 1711 Achab
1164 1691 1216 1710 rex
1230 1682 1320 1710 Israel
1336 1681 1404 1710 fecit
1418 1682 1490 1718 poni
1506 1682 1657 1710 Michaeam
1670 1683 1798 1719 prophe-

1009 1731 1072 1758 tam
1087 1730 1118 1758 in
1134 1738 1300 1764 carcerem,
1316 1731 1344 1758 et
1359 1729 1515 1757 sustentari
1537 1738 1615 1765 pane
1630 1729 1798 1758 tribulatio-

1010 1777 1056 1805 nis
1072 1779 1100 1805 et
1116 1785 1194 1813 aqua
1209 1777 1364 1813 angustiae.
1383 1778 1414 1804 111
1435 1777 1511 1812 1109.,
1527 1784 1599 1804 xxn.

1046 1825 1121 1852 Cum
1141 1824 1254 1852 factum
1275 1826 1351 1852 esset
1368 1824 1496 1852 verbum
1517 1824 1635 1852 Domini
1654 1824 1686 1852 in
1704 1833 1797 1853 manu

1009 1871 1083 1900 Jehu
1104 1871 1257 1908 prophetae
1285 1872 1389 1899 contra
1414 1873 1505 1899 Baasa
1530 1879 1633 1907 regem
1656 1872 1745 1901 Israel
1769 1875 1797 1901 et

1010 1921 1113 1947 contra
1129 1919 1255 1946 domum
1279 1919 1358 1954 ejus,
1377 1918 1487 1946 occidit
1509 1920 1601 1947 Baasa
1620 1919 1795 1955 praedictum

1008 1966 1197 2002 prophetam.
1214 1967 1247 1994 111
1263 1966 1340 2000 Rea„
1356 1974 1418 1993 xv1.

1045 2013 1191 2041 Manasses
1204 2020 1257 2040 rex
1267 2012 1343 2040 Juda
1356 2012 1533 2047 sanguinem
1549 2013 1706 2041 innoxium
1722 2014 1795 2042 effu-

1009 2059 1062 2094 dit,
1075 2061 1102 2087 et
1112 2059 1247 2096 implevit
1261 2059 1443 2087 Hierusalem
1455 2067 1561 2088 cruore
1576 2061 1792 2089 innocentium.

1007 2108 1041 2135 IV
1056 2109 1134 2141 Req„
1149 2115 1231 2134 xxiv.

1044 2155 1117 2182 Cum
1146 2162 1281 2181 reversus
1307 2155 1382 2182 esset
1406 2155 1624 2190 Sennacherib,
1644 2155 1760 2191 fugiens
1776 2164 1794 2184 a

1007 2201 1109 2229 Judaea
1130 2200 1252 2237 plagam
1276 2209 1368 2237 quam
1392 2201 1471 2229 circa
1497 2210 1565 2230 eum
1589 2202 1698 2230 fecerat
1719 2204 1793 2230 Deus

1007 2250 1129 2286 propter
1144 2249 1365 2285 blasphemiam
1380 2257 1481 2283 suam,
1498 2249 1589 2278 iratus
1610 2249 1720 2278 multos
1741 2251 1791 2279 Ju-

1008 2296 1089 2325 daeos
1104 2296 1222 2324 occidit.
1239 2298 1273 2325 IV
1291 2297 1368 2332 Req„
1384 2304 1444 2324 Xix.

1043 2343 1321 2374 Nabuchodonosor
1351 2344 1426 2371 dixit
1449 2344 1632 2380 Holopherni
1656 2353 1662 2372 ε
1692 2354 1706 2370 «
1728 2346 1792 2373 Non

1007 2393 1110 2428 parcat
1129 2391 1235 2419 oculus
1259 2393 1326 2419 tuus
1345 2391 1399 2419 ulli
1414 2399 1526 2427 regno,
1542 2402 1555 2418 »
1572 2392 1694 2426 Juclz'th„
1710 2400 1747 2427 11,
1763 2395 1790 2420 6.

1008 2440 1046 2466 De
1062 2439 1250 2475 Holopherne
1265 2447 1337 2466 vcro
1348 2441 1452 2475 postea
1465 2439 1588 2474 legitur,
1601 2439 1684 2475 quod
1695 2441 1790 2467 tantus

1007 2488 1103 2514 metus
1123 2486 1203 2513 illius
1222 2486 1384 2522 provinciis
1406 2485 1560 2520 incubuit,
1582 2488 1613 2513 ut
1637 2486 1790 2526 universa-

1006 2541 1075 2562 rum
1097 2533 1219 2561 urbium
1252 2533 1434 2561 habitatores
1458 2533 1580 2560 obviam
1604 2533 1715 2560 exirent
1738 2542 1789 2561 ve-

1006 2581 1113 2614 nienti,
1130 2580 1308 2616 excipientes
1323 2589 1393 2608 eum
1415 2588 1484 2608 cum
1501 2580 1619 2608 coronis
1635 2582 1663 2607 et
1677 2580 1790 2617 lampa-

1006 2628 1110 2664 dibus,
1126 2628 1267 2656 ducentes
1282 2628 1390 2656 choros
1403 2627 1433 2655 in
1447 2627 1525 2656 tibiis
1538 2629 1565 2656 et
1579 2627 1744 2664 tympanis;
1761 2630 1788 2656 et

1039 2730 1072 2762 (a)
1089 2731 1148 2754 th.
1166 2729 1225 2754 cclz't,
1242 2728 1331 2753 noluit.
