2004 3037
694 233 954 267 THEOLOGICAE
974 233 1197 268 VERlTATlS.
1714 244 1749 273 61

817 392 1070 433 PRAEFATIO

171 611 303 639 Veritatis
323 610 501 647 theologicae
525 610 709 645 sublimitas,
733 619 802 638 cum
816 610 852 639 sit
866 619 917 638 su-

135 658 220 693 perni
235 657 403 694 splendoris
417 658 520 686 radius
534 657 706 686 illuminans
721 657 915 693 intellectum,

136 707 164 733 et
186 704 333 741 regalium
363 704 538 733 deliciarum
564 704 755 740 convivium,
781 704 916 733 reficiens

136 751 292 788 affectum,
316 752 352 780 de
372 760 551 788 magnorum
571 751 780 787 theologorum
802 751 916 788 scriptis

135 798 227 827 breve
255 798 474 835 compendium
499 798 639 834 colligere
667 798 792 833 dignum
819 798 891 826 duxi
908 808 914 826 :

136 854 197 883 quo
209 849 236 875 et
247 847 371 875 evitetur
381 848 475 875 mater
484 846 592 874 fastidii
603 845 767 882 prolixitas,
779 847 916 873 ettamen

136 894 175 922 ad
197 895 440 930 investigandum
460 894 549 930 plura
568 894 618 922 via
642 893 728 921 detur
752 896 780 921 et
799 894 916 921 occasio

136 941 270 978 sapienti.
287 941 449 977 Theologia
471 943 546 969 certe
566 940 755 968 scientiarum
775 942 817 967 est
837 941 917 976 prin-

135 996 204 1024 ceps
220 988 356 1016 omnium
372 990 400 1016 et
420 988 544 1024 regina,
565 988 612 1016 cui
632 990 708 1016 artes
725 990 834 1016 eaeterae
855 990 917 1016 tan-

136 1043 226 1070 quam
247 1035 433 1071 pedissequae
451 1035 643 1063 famulantur.
664 1036 737 1063 Nam
752 1035 790 1063 de
804 1036 916 1063 naturis

134 1090 235 1110 rerum
246 1083 298 1110 illa
311 1083 409 1110 solum
421 1083 525 1119 recipit
536 1083 575 1111 ad
589 1092 676 1111 usum
689 1092 787 1117 suum,
801 1084 838 1112 de
852 1084 916 1120 qui-

134 1128 191 1157 bus
202 1129 259 1157 sibi
270 1130 425 1165 speculum
435 1129 580 1158 fabricare
592 1129 700 1165 valeat,
714 1130 745 1158 in
758 1139 818 1166 quo
832 1139 916 1158 cons-

133 1175 223 1211 piciat
244 1176 446 1204 Conditorem.
469 1178 533 1205 l-laec
554 1177 662 1205 dicitur
683 1177 804 1205 scientia
824 1177 916 1205 scien-

135 1222 244 1250 tiarum
254 1244 263 1257 ,
284 1231 351 1259 quae
365 1232 453 1260 super
468 1232 589 1252 omnem
604 1224 839 1260 speculationem
853 1224 917 1260 phi-

134 1269 321 1306 losophicam
342 1270 503 1305 extollitur,
525 1272 553 1298 et
574 1270 716 1306 dignitate
736 1279 770 1298 ac
792 1270 915 1299 utilitate

135 1316 277 1344 omnibus
290 1317 458 1345 antefertur.
475 1319 540 1353 Ipsa
553 1317 633 1345 euim
644 1317 835 1353 Philosophia
847 1326 916 1345 cum

133 1362 165 1390 in
179 1364 362 1398 naturalem,
378 1365 406 1391 et
419 1364 596 1392 rationalem
612 1366 640 1392 et
654 1365 800 1392 moralem
816 1365 916 1392 distin-

134 1411 251 1445 guatur,
266 1411 459 1447 philosophia
474 1411 597 1447 quidem
611 1412 767 1446 naturalis,
783 1411 852 1439 licet
865 1411 916 1439 do-

135 1458 199 1484 ceat
213 1465 390 1493 cognoscere
413 1459 578 1492 creaturas,
600 1466 662 1486 non
684 1460 784 1486 tamen
799 1459 916 1486 Creato-

134 1514 198 1534 rem
209 1516 217 1541 ;
238 1507 391 1535 rationalis
410 1515 502 1540 vero,
524 1506 592 1534 licet
610 1506 715 1534 doceat
736 1507 915 1535 concludere

133 1552 327 1588 hominibus,
348 1561 410 1582 non
432 1555 532 1581 tamen
555 1553 698 1589 diab0103
723 1556 751 1581 et
772 1554 914 1589 moralis,

133 1599 202 1627 licet
217 1600 324 1628 doceat
339 1600 492 1636 acquirere
506 1600 628 1628 virtutes
644 1601 914 1636 consuetudinaleS,

134 1654 195 1674 non
210 1648 309 1674 tamen
329 1647 416 1675 docet
437 1646 591 1682 acquirere
608 1647 788 1676 charitatem.
812 1650 915 1676 Nostra

134 1700 204 1721 vero
228 1693 437 1730 philosophia,
463 1693 572 1722 scilicet
595 1694 702 1722 veritas
727 1694 914 1730 theologica,

972 611 1035 639 haec
1048 611 1150 639 omnia
1163 613 1316 648 operatur.
1331 614 1422 641 Docet
1435 614 1514 642 enim
1529 616 1621 643 Deum
1635 624 1757 653 cognos-

973 666 1057 693 cere,
1080 658 1203 687 diabolo
1224 659 1377 695 resistere,
1399 663 1427 688 et
1447 661 1594 690 charitatis
1614 664 1757 692 exercitiis

972 707 1121 736 insudare.
1134 708 1198 735 Haec
1210 710 1252 735 est
1267 707 1439 736 divinorum
1451 710 1672 746 pigmentorum
1684 720 1757 748 apo-

972 753 1056 782 theca
1067 775 1076 789 ,
1103 754 1288 782 delectabilis
1305 756 1312 772 ²
1337 763 1418 791 super
1442 758 1494 784 mel
1518 760 1542 785 et
1565 759 1668 792 favum.
1694 760 1757 787 lloec

973 809 1095 837 quoque
1112 801 1266 829 thesaurus
1282 803 1324 829 est
1338 802 1546 831 desiderabilis
1561 813 1641 840 super
1661 813 1757 833 aurum

973 850 997 875 et
1019 848 1138 883 lapidem
1154 850 1306 883 pretiosum
1325 850 1450 877 multum.
1473 852 1536 878 Haec
1557 853 1600 879 est
1618 851 1685 879 fons
1703 860 1757 880 vo-

972 895 1093 931 luptatis
1113 895 1283 931 egredienS,
1305 896 1439 925 Ecclesiae
1457 898 1609 927 militantis
1630 899 1756 935 irrigans

971 942 1155 978 paradisum.

1010 989 1140 1026 Denique
1154 998 1283 1026 praesens
1298 991 1440 1027 scriptum
1459 992 1489 1019 in
1509 994 1622 1029 septem
1636 994 1755 1022 libellos

973 1035 1110 1072 distinxi,
1127 1039 1154 1064 et
1169 1037 1301 1073 singulas
1315 1038 1347 1065 in
1358 1046 1544 1075 unoquoque
1558 1041 1696 1068 materias
1708 1049 1754 1069 ru-

972 1083 1061 1111 bricis
1076 1084 1204 1120 propriis
1220 1085 1377 1120 assignavi.

1008 1130 1121 1158 Primus
1136 1133 1178 1159 est
1193 1131 1230 1159 de
1245 1136 1350 1160 natura
1365 1132 1492 1160 Deitatis.

1007 1178 1161 1205 Secundus
1173 1200 1180 1212 ,
1198 1178 1235 1206 de
1251 1179 1394 1215 operibus
1408 1180 1584 1208 Conditoris.

1008 1224 1118 1252 Tertius
1128 1246 1137 1260 ‚
1153 1225 1191 1252 de
1207 1225 1377 1262 corruptela
1391 1227 1514 1262 peccati.

1007 1272 1134 1305 Quartus
1144 1294 1153 1307 ,
1170 1272 1207 1299 de
1221 1272 1403 1300 humanitate
1418 1273 1532 1301 Christi.

1007 1319 1146 1353 Quintus,
1164 1319 1201 1346 dc
1217 1319 1447 1348 sanctificatione
1462 1321 1634 1356 gratiarum.

1007 1366 1110 1394 Sextus
1120 1387 1129 1401 ,
1146 1366 1183 1393 de
1198 1366 1304 1394 virtute
1320 1370 1584 1396 sacramentorum.

1009 1413 1153 1449 Septimus
1164 1435 1172 1447 ‚
1189 1413 1226 1441 de
1241 1413 1352 1441 ultimis
1373 1415 1557 1450 temporibus
1567 1437 1576 1451 ,
1597 1417 1624 1443 et
1639 1416 1676 1444 de
1690 1425 1754 1452 poe-

971 1460 1016 1487 nis
1029 1460 1194 1494 malorum,
1208 1468 1242 1488 ac
1254 1461 1382 1496 praemiis
1395 1461 1557 1489 bonorum.
1570 1462 1670 1490 Sicubi
1683 1471 1753 1498 ergo

971 1506 1001 1534 in
1025 1507 1082 1534 hoc
1108 1507 1216 1542 scripto
1242 1507 1377 1542 deviavi,
1403 1510 1543 1544 parcatur
1563 1509 1656 1541 mihi,
1684 1510 1754 1545 quia

970 1553 1112 1589 ignorans
1129 1554 1203 1589 seci3
1224 1554 1277 1581 ubi
1298 1563 1369 1582 vero
1385 1557 1463 1582 recte
1483 1556 1629 1591 processi,
1648 1556 1753 1584 laude-

970 1603 1017 1628 tur
1028 1600 1123 1636 gratia
1131 1602 1200 1628 Jesu
1213 1601 1327 1636 Christi,
1341 1601 1380 1629 ad
1393 1602 1476 1637 cujus
1489 1602 1634 1631 honorem
1647 1606 1674 1631 et
1685 1603 1753 1631 bea-

970 1647 1089 1676 tissimae
1103 1648 1205 1676 matris
1224 1648 1287 1683 ejus
1298 1670 1307 1683 ,
1329 1657 1458 1685 praesens
1477 1650 1658 1685 Opusculum
1673 1658 1753 1678 com-

969 1695 1073 1731 pilavi.

690 1963 895 2006 LIBER
943 1965 1196 2007 PRIMUS

801 2069 844 2095 DE
865 2068 1007 2097 NATURA
1029 2069 1086 2096 DEI

348 2271 490 2305 CAPUT
514 2271 701 2305 PRIMUM.

411 2344 486 2377 Quod
502 2346 570 2371 Deus
585 2347 632 2371 est.

172 2412 264 2440 Deum
274 2420 346 2448 esse,
358 2413 458 2440 multis
468 2413 566 2440 modis
577 2413 750 2441 ostenditur.
762 2415 821 2441 Hoc
834 2414 912 2441 enim

136 2459 209 2487 fides
233 2462 311 2487 recta
335 2461 464 2493 testatur,
490 2468 574 2487 sacra
597 2460 746 2495 Scriptura
769 2460 911 2496 loquitur,

137 2506 319 2542 comparatio
341 2514 441 2534 rerum
458 2506 497 2533 ad
512 2506 610 2542 ipsum
632 2507 762 2542 idipsum
782 2507 911 2542 indicat,

138 2553 228 2580 sancti
247 2553 427 2589 praedicant,
451 2555 591 2580 creaturae
607 2553 752 2588 clamant,
768 2555 842 2582 ratio
862 2562 914 2582 na-

138 2598 238 2626 turalis
254 2599 352 2627 dictat.

174 2645 270 2672 Primo
288 2646 376 2681 igitur
395 2647 486 2673 Deum
509 2653 570 2673 esse
587 2646 661 2674 fides
679 2649 819 2675 testatur:
843 2648 913 2684 quia

138 2692 212 2719 fides
227 2691 370 2720 catholica
386 2692 478 2720 credit
492 2694 600 2726 Deum,
617 2696 644 2721 et
659 2694 750 2722 credit
764 2694 794 2722 in
810 2697 911 2730 Deum,

971 2274 997 2300 et
1017 2271 1110 2300 credit
1131 2273 1200 2300 Deo.
1220 2272 1345 2301 Credere
1366 2282 1438 2302 vero
1458 2275 1549 2303 Deum
1568 2278 1611 2303 est
1631 2275 1750 2304 credere

970 2318 1067 2354 ipsum
1079 2327 1151 2347 esse.
1166 2320 1290 2348 Credere
1302 2320 1333 2348 in
1342 2322 1434 2348 Deum
1445 2324 1486 2349 est
1496 2322 1646 2350 credendo
1658 2324 1750 2350 Deum

970 2373 1082 2399 amare,
1098 2368 1125 2393 et
1140 2366 1270 2394 amando
1286 2367 1317 2394 in
1332 2375 1400 2395 eum
1416 2368 1468 2403 ire,
1486 2377 1520 2396 ac
1533 2369 1675 2397 membris
1688 2370 1750 2404 ejus

970 2411 1163 2448 incorporari.
1189 2414 1313 2441 Credere
1338 2416 1438 2442 autem
1461 2417 1538 2449 Deo,
1566 2419 1607 2444 est
1630 2415 1748 2443 eredere

969 2459 1068 2486 verbis
1083 2460 1156 2494 ejus.
1174 2460 1303 2487 Primum
1317 2462 1344 2488 et
1355 2461 1472 2488 tertium
1486 2462 1636 2490 bonorum
1650 2465 1676 2489 et
1688 2470 1749 2489 ma·
1781 2464 1784 2466 ’

969 2504 1068 2533 lorum
1093 2509 1152 2541 est,
1178 2507 1232 2534 sed
1251 2507 1415 2535 secundum
1435 2509 1589 2536 bonorum
1610 2511 1724 2536 tantum
1741 2518 1747 2535 ;

971 2552 1041 2587 quia
1060 2553 1181 2580 credere
1198 2555 1288 2581 Deum
1300 2575 1309 2589 ,
1334 2556 1362 2582 et
1385 2555 1505 2583 credere
1522 2557 1598 2590 Deo,
1619 2555 1707 2583 bonis
1723 2557 1750 2582 et

970 2600 1056 2628 malis
1071 2603 1113 2629 est
1129 2609 1306 2637 commune3
1323 2602 1376 2630 sed
1392 2603 1512 2631 credere
1527 2603 1558 2630 in
1573 2604 1679 2637 Deum,
1696 2602 1749 2630 bo—

1004 2702 1007 2715 2
1031 2699 1097 2723 Psal.
1114 2706 1189 2730 svm,
1210 2703 1246 2724 11.
