2004 3037
194 280 254 310 276
748 271 891 305 DIAETAE
912 269 1078 303 SALUTIS
1101 268 1178 302 TIT.
1201 269 1256 302 111.

193 345 244 374 Dei
269 342 439 378 scribentis;
469 341 619 376 calamus,
643 340 746 375 lingua
772 339 970 376 praedicantis,

189 392 275 428 juxta
293 390 369 419 illud
383 390 392 407 ²
419 398 427 417 z
453 390 563 424 Lingua
582 396 641 416 mea
663 388 783 415 calamus
805 387 899 414 scribae
911 395 920 420 ς
945 387 973 413 et

192 438 314 474 Spiritus
323 438 442 465 sanctus
453 435 594 464 scribens.
608 436 822 470 Pergamenum
832 434 874 461 est
885 441 972 460 mun-

192 485 265 513 ditia
289 484 388 513 cordis
403 492 411 511 :
435 491 506 511 nam
531 483 563 511 in
587 488 771 519 pergameno
798 480 896 508 lutoso
923 479 972 507 vel

190 531 348 560 immundo
359 531 456 559 littera
467 538 528 558 non
543 529 620 557 bene
639 528 795 562 formatur,
809 535 864 555 nec
878 534 971 563 appa-

189 582 235 608 ret
254 579 418 616 scriptura,
438 578 500 606 imo
521 578 638 613 oportet
658 575 742 612 quod
763 575 800 602 sit
822 574 926 602 album
944 575 972 602 et

189 626 349 655 mundum.
370 625 451 653 Unde
470 624 589 652 dicebat
609 623 753 659 Propheta
766 623 776 638 ²
793 631 800 649 :
818 621 868 649 Gor
892 629 971 648 mun-

190 674 254 702 dum
269 681 329 701 crea
338 674 369 700 in
382 680 433 706 me,
447 673 527 699 Deus.
540 672 711 699 Incaustum
721 669 811 705 hujus
821 668 971 704 scripturae

190 721 233 748 est
247 719 341 755 gratia
355 719 479 756 Spiritus
494 718 598 746 sancti.
614 717 743 745 Rubrica
756 723 865 744 ornans
880 717 971 744 totam

189 767 365 803 scripturam
376 786 383 799 ,
412 768 454 794 est
484 764 605 800 sanguis
639 763 753 792 Christi.
788 761 971 790 Continentia

189 813 339 850 scripturae
350 814 392 841 est
406 812 524 840 dilectio
541 811 590 840 Dei
606 813 634 839 et
645 809 785 847 proximi,
799 809 870 845 quia
884 809 895 826 ³
907 809 971 842 finis

185 861 317 896 praecepti
332 863 370 888 est
384 860 503 887 charitas
513 879 522 894 ‚
535 860 568 886 ut
582 858 653 886 dicit
666 856 824 893 Apostolus
839 855 970 883 scribens

189 907 228 935 ad
241 907 437 935 Timotheum.
464 907 527 934 Hoec
543 905 696 940 scriptura,
722 903 793 939 quia
806 904 867 929 tam
882 901 971 929 chara

187 952 251 987 fuit,
267 953 335 982 ideo
348 953 452 981 intima
463 954 490 980 et
500 953 612 980 secreta
622 952 672 978 est.
689 950 759 978 Ideo
774 948 849 976 sicut
860 947 971 983 J'ocalia

188 1008 257 1029 cara
271 1002 299 1028 et
313 1000 442 1036 pretiosa
457 1000 643 1036 reponuntur
657 1005 725 1025 cum
743 1003 854 1031 magno
872 994 969 1022 studio

187 1046 219 1074 in
232 1046 299 1074 loco
316 1048 428 1074 secreto
445 1048 473 1074 et
485 1045 593 1074 scrinio
611 1044 753 1081 pretioso,
771 1042 852 1075 ideo,
868 1044 922 1069 etc.
939 1042 971 1068 Et
997 1069 1001 1073 Δ

188 1093 226 1121 de
239 1093 295 1121 hac
309 1092 455 1130 scriptura
470 1092 558 1120 chara
573 1094 600 1119 et
614 1091 718 1118 intima
733 1087 858 1117 dicitur⁴
872 1098 878 1116 z
895 1088 970 1115 Dabo

187 1141 269 1175 leqem
283 1149 369 1168 meam
384 1141 414 1167 iu
428 1139 575 1167 visceribus
591 1146 692 1171 eorum,
709 1138 775 1164 etin
788 1135 864 1163 corde
879 1142 969 1162 eorum

186 1188 302 1215 scribam
313 1195 380 1215 eam.
395 1188 432 1214 De
444 1186 588 1222 scriptura
599 1186 815 1221 praeceptorum
825 1183 855 1210 in
865 1181 966 1215 corde,

187 1236 268 1268 nota,
298 1233 382 1270 quod
411 1233 441 1260 in
471 1232 576 1268 triplici
605 1233 687 1267 parto
715 1229 848 1265 corporis
876 1228 968 1256 nostri

188 1281 322 1318 quodam
335 1280 427 1309 modo
443 1280 551 1315 scripta
565 1281 632 1306 sunt
645 1279 792 1314 praecepta
808 1276 866 1311 Dei,
883 1275 969 1312 quasi

186 1336 242 1364 pro
257 1327 436 1364 sempiterno
452 1329 480 1355 et
501 1325 642 1354 continuo
663 1323 840 1352 memoriali.
856 1323 968 1358 Scripta

190 1375 269 1402 enim
284 1376 352 1402 sunt
370 1374 401 1402 in
421 1373 576 1407 manibus,
593 1371 645 1400 ubi
661 1373 730 1399 sunt
744 1371 849 1398 decem
863 1369 966 1404 digiti;

187 1421 217 1449 in
232 1421 370 1457 pedihus,
386 1421 439 1448 ubi
453 1421 521 1448 sunt
534 1419 637 1447 decem
651 1417 779 1450 articuli;
797 1420 824 1444 ct
838 1417 869 1444 in
884 1417 968 1452 quin-

187 1476 246 1504 que
260 1467 412 1502 sensibus,
429 1467 481 1495 ubi
496 1468 561 1494 sunt
573 1473 688 1501 organa
702 1474 708 1492 z
723 1465 797 1492 sicut
811 1464 871 1491 duo
888 1463 967 1491 oculi

187 1515 227 1543 ad
241 1514 405 1542 videndum
417 1535 426 1548 ,
443 1514 508 1541 duoe
523 1521 609 1541 aures
628 1512 667 1540 ad
689 1511 884 1545 audiendum,
901 1510 967 1538 duae

186 1569 273 1589 nares
296 1561 335 1589 ud
357 1560 565 1594 odorandum,
585 1559 650 1586 duae
672 1558 771 1586 fauces
791 1558 830 1585 ad
846 1559 966 1592 gustan-

187 1608 276 1642 dum,
298 1608 364 1635 duee
389 1614 495 1635 manus
525 1606 563 1634 ad
592 1605 784 1640 tangendum.
809 1606 861 1631 Per
884 1603 968 1639 quod

186 1656 283 1691 patet,
310 1654 392 1690 quod
408 1655 553 1690 praeeepta
570 1652 672 1680 divina
695 1652 805 1679 delient
825 1651 855 1678 in
880 1650 967 1678 nobis

187 1702 313 1737 dirigere
339 1708 455 1735 gressus
477 1699 660 1727 affectionis:
688 1698 756 1725 ideo
776 1700 843 1725 sunt
864 1697 967 1724 decem

187 1748 301 1776 articuli
319 1747 447 1783 pedum,
470 1747 554 1782 quasi
575 1745 748 1773 memoriale
773 1745 876 1772 decem
891 1753 966 1779 pree-

187 1798 350 1830 ceptorum.
368 1793 478 1821 Debent
494 1793 582 1820 etiam
597 1800 698 1827 regere
721 1800 824 1818 sensus
839 1791 967 1818 affectio-

186 1841 243 1875 nis,
256 1843 337 1868 actus
352 1839 547 1876 operationis:
561 1838 773 1874 propterquod
787 1839 853 1864 sunt
864 1837 967 1864 decem

188 1888 273 1923 digiti
296 1895 440 1914 manuum
459 1887 498 1914 ad
517 1885 737 1920 designandum
761 1884 863 1912 (locem
893 1892 966 1919 prae-

189 1937 273 1970 cepta
288 1955 296 1969 ,
331 1942 383 1961 seu
418 1935 634 1969 praeceptorum
671 1931 821 1959 mandata.
857 1931 967 1958 Debent

187 1981 382 2009 nihilominus
407 1979 557 2007 moderari
581 1986 683 2006 scnsus
712 1980 817 2005 nostrae
845 1985 967 2005 conver-

188 2027 325 2062 sationis;
341 2029 461 2063 propter
479 2026 536 2053 hoc
556 2025 586 2053 iu
609 2025 743 2053 sensibus
772 2026 840 2052 sunt
863 2024 967 2052 decem

188 2082 298 2110 organa
313 2074 352 2102 ad
376 2072 593 2108 designandum
610 2072 713 2100 decem
735 2073 889 2106 praecepta.
918 2071 967 2098 Hic

188 2126 230 2150 est
253 2123 321 2150 liber
347 2124 465 2157 scriptus
490 2123 565 2148 intus
588 2122 612 2148 el
636 2121 721 2154 foris,
750 2121 781 2146 ut
807 2119 913 2146 dicitur
936 2118 966 2145 in

188 2170 323 2197 Ezechiele
333 2170 352 2203 ὅ,
367 2168 437 2204 quia
452 2169 609 2204 praeeepta,
625 2169 654 2194 ut
669 2166 780 2194 dictum
795 2168 846 2200 est,
857 2165 967 2193 debent

189 2224 250 2243 esse
270 2216 377 2251 scripta
396 2215 492 2249 intus,
513 2214 620 2242 scilieet
640 2213 670 2240 in
691 2213 780 2240 corde
801 2220 854 2248 per
874 2212 965 2239 dilec-

188 2262 314 2296 tionem,
340 2264 367 2289 et
392 2261 463 2289 foris
482 2268 534 2296 per
559 2259 778 2295 operationem,
802 2259 911 2286 scilicet
935 2259 966 2286 in

189 2316 324 2344 corporo.

224 2355 332 2388 Tertio,
352 2354 375 2380 si
396 2361 511 2389 quaeras
531 2361 590 2388 quo
615 2352 706 2379 modo
729 2351 859 2387 scripsit3
876 2351 963 2379 dico:

188 2400 396 2431 indelebiliter.
412 2402 444 2427 Et
463 2401 533 2427 nota
550 2398 632 2434 quod
648 2398 701 2425 tria
716 2400 793 2431 sunt,
810 2406 875 2433 quie
892 2406 964 2425 con-

189 2450 349 2477 sueverunt
372 2446 470 2474 delere
500 2446 674 2481 scripturam
690 2466 696 2475 ,
726 2452 805 2479 aqua
832 2444 940 2472 scilicet
955 2466 963 2479 ,

189 2496 265 2530 ignis
287 2495 342 2530 (u),
370 2496 397 2522 et
423 2495 574 2520 vetustas:
605 2492 644 2518 sie
674 2491 861 2526 spiritualiter
887 2499 965 2526 aqua

188 2541 361 2570 transitoriae
376 2539 590 2572 delectationis,
615 2538 690 2573 ignis
705 2537 849 2565 astlictivae
865 2546 963 2572 perse-

189 2588 332 2622 cutionis,
350 2589 476 2616 vetustas
498 2585 647 2614 defectiva}
668 2584 910 2612 conversationis.
933 2586 964 2612 In

222 2662 308 2685 ¹Psal.
326 2667 395 2691 κων,
409 2663 431 2685 2.
448 2673 478 2679 -
493 2660 503 2676 ²
516 2659 584 2684 Psal.
596 2665 620 2689 L,
638 2661 674 2683 12.
691 2671 719 2676 -
735 2658 763 2682 ³1
780 2659 852 2686 Tim„
868 2664 885 2688 1,
902 2659 963 2681 5.-

188 2698 199 2714 ·
212 2698 312 2727 Ιενειη.,
330 2703 406 2727 xxxx,
423 2698 462 2720 33.
483 2709 513 2713 —-
535 2696 545 2711 ⁶
564 2694 664 2723 Eneca„
687 2701 720 2723 11,
743 2696 764 2717 9.
784 2707 814 2711 --
832 2694 842 2709 θ
862 2693 963 2722 ᾸΙιιῘΙΙι.,

187 2739 260 2764 xxiv,
276 2735 315 2757 35.
327 2746 356 2750 —
372 2733 380 2746 ⁷
397 2731 515 2761 Barzcclz,
533 2737 572 2760 tv,
591 2733 611 2754 1.
629 2743 655 2747 -
672 2730 682 2746 ⁸
695 2729 797 2759 Mami„
812 2735 865 2759 xix,
885 2731 922 2752 17.
933 2742 963 2745 —

1027 345 1108 373 aqua
1128 337 1309 372 significatur
1327 336 1448 365 tentatio
1471 335 1568 364 carnis
1589 336 1759 374 inficientis5
1772 338 1805 367 in

1025 383 1114 419 igne,
1134 383 1256 412 tentatio
1278 383 1370 412 hostis
1393 383 1566 420 decipientis
1572 393 1581 420 3
1597 383 1628 412 in
1645 386 1784 413 vetustate
1794 405 1805 420 ‚

1025 430 1146 458 tentatio
1161 431 1266 459 mundi
1288 430 1460 459 deficientis.
1483 432 1515 459 ln
1530 430 1711 467 quibusdam
1725 431 1806 460 enim

1027 476 1105 505 delet
1118 479 1265 514 praeeepta
1279 485 1373 513 aqua,
1387 477 1434 505 vel
1452 477 1552 513 liquor
1565 477 1694 505 carnalis
1707 477 1805 506 delec-

1026 523 1143 551 tationis
1153 534 1161 559 3
1173 524 1204 552 in
1219 523 1400 560 quibusdam
1416 524 1503 560 ignis,
1518 524 1566 551 vel
1579 523 1678 552 fervor
1691 523 1806 552 hostilis

1025 571 1236 606 persecutionis
1249 581 1256 606 ;
1269 571 1300 598 in
1311 571 1491 607 quibusdam
1502 573 1630 599 vetustas
1644 570 1806 599 mundialis

1026 617 1268 647 conversationis.
1285 619 1317 646 Et
1340 618 1408 646 ideo
1420 639 1429 652 ,
1450 620 1552 646 contra
1571 618 1625 645 ista
1640 617 1715 652 tria,
1731 619 1806 645 Deus

1026 664 1121 692 voluit
1133 666 1281 700 praecepta
1293 673 1347 692 sua
1366 664 1563 693 indelebiliter
1578 664 1609 692 in
1620 664 1722 701 lapide
1736 664 1806 692 scri-

1025 710 1108 745 here,
1128 713 1159 739 ut
1173 719 1328 747 nunquam
1340 711 1522 746 delerentur,
1539 719 1593 739 nec
1608 711 1720 739 carnali
1734 711 1804 739 bes-

1026 757 1145 785 tialitate
1155 779 1163 792 ,
1179 765 1233 786 nec
1248 757 1393 785 mundiali
1408 758 1601 794 prosperitate
1613 779 1621 793 ,
1637 766 1690 786 nec
1705 757 1806 785 hostili

1026 803 1211 832 adversitate.
1228 804 1309 832 Unde
1324 804 1449 832 dicitur⁸
1466 813 1472 832 :
1491 805 1590 841 Cottum
1603 807 1628 832 et
1641 808 1714 832 terra
1730 807 1804 832 tran-

1025 850 1128 883 sibunt,
1142 851 1221 878 verba
1234 854 1322 878 autem
1332 859 1390 878 mea
1400 859 1452 878 non
1464 852 1627 879 transibunt.
1637 852 1709 879 Item
1722 853 1804 886 nota,

1026 896 1107 932 quod
1116 900 1172 925 tres
1180 897 1330 933 seripturae
1339 901 1405 926 sunt
1412 897 1577 934 specialiter
1585 897 1769 930 indelebiles,
1777 898 1806 925 et

1025 942 1206 978 immobiles,
1221 944 1331 972 seilicet
1345 944 1426 979 leges
1440 944 1664 980 imperatorum,
1682 943 1803 972 donatio

1025 989 1100 1017 inter
1116 990 1210 1025 vivoe,
1227 993 1254 1018 et
1272 991 1410 1019 ultimum
1426 993 1642 1019 testamentum.
1659 992 1805 1027 Praecepta

1026 1039 1123 1064 autem
1141 1037 1187 1064 Dei
1200 1039 1267 1065 sunt
1281 1037 1361 1073 leges
1377 1038 1562 1074 imperatoris
1577 1038 1702 1071 summi,
1718 1038 1803 1066 editoe

1024 1083 1055 1110 in
1070 1084 1243 1112 consistorio
1259 1084 1420 1112 Trinitatis:
1436 1093 1501 1120 quae
1516 1085 1653 1120 leguntur
1667 1093 1685 1112 a
1699 1086 1802 1112 Docto-

1024 1130 1106 1158 ribus
1120 1139 1173 1166 per
1184 1131 1359 1159 catholicam
1370 1132 1622 1168 proedicationem,
1631 1133 1803 1168 repetuntur

1025 1184 1042 1204 a
1066 1177 1252 1205 scholaribus
1274 1186 1328 1213 per
1347 1178 1459 1206 honam
1483 1178 1695 1214 operationem.
1722 1178 1802 1206 Unde

1025 1222 1131 1251 dicitur
1148 1225 1158 1241 ⁷
1179 1234 1188 1251 ι
1211 1225 1261 1251 Hic
1280 1227 1318 1252 esc
1339 1226 1405 1252 liber
1424 1225 1613 1252 mandatorum
1633 1226 1695 1257 Dei,
1719 1228 1745 1252 et
1761 1226 1804 1253 leae

1024 1279 1083 1305 quoe
1098 1274 1135 1297 est
1157 1273 1186 1297 in
1208 1275 1346 1298 (eternum.
1363 1272 1434 1299 Sunt
1449 1272 1528 1299 enim
1541 1274 1687 1308 proecepta
1701 1271 1804 1300 divina

1023 1319 1132 1344 aeterna
1150 1317 1224 1345 sicut
1246 1317 1368 1346 donatio
1388 1318 1462 1346 inter
1485 1319 1587 1354 vivos;
1609 1321 1636 1346 et
1657 1319 1804 1346 irrevoca-

1024 1364 1121 1391 biliter
1136 1364 1264 1392 donatur
1274 1365 1334 1392 vita
1346 1368 1455 1393 aeterna
1468 1365 1536 1398 illis,
1552 1365 1603 1401 qui
1618 1366 1692 1393 inter
1706 1366 1802 1400 vivos,

1024 1410 1055 1438 id
1071 1411 1150 1438 estin
1164 1414 1238 1439 statu
1254 1412 1353 1447 gratiae
1364 1412 1525 1440 observant
1535 1412 1675 1440 mandata
1690 1412 1800 1440 divina.

1026 1457 1093 1486 ldeo
1120 1458 1226 1485 (licitur
1245 1459 1255 1475 ⁸
1276 1469 1282 1486 :
1307 1460 1337 1487 Si
1356 1461 1397 1487 ris
1417 1459 1454 1486 ad
1477 1461 1561 1486 vitam
1584 1459 1705 1493 ingredi,
1727 1467 1803 1487 serva

1024 1505 1165 1532 mandata.
1179 1507 1253 1533 Bene
1265 1509 1363 1534 antem
1375 1506 1482 1534 dicitur
1492 1506 1612 1534 donatio
1624 1506 1699 1534 inter
1706 1506 1801 1541 vivos,

1025 1555 1051 1580 et
1065 1560 1126 1580 non
1141 1553 1215 1581 inter
1234 1555 1384 1588 mortuos,
1406 1554 1476 1589 quia
1491 1554 1522 1581 in
1540 1556 1615 1582 statu
1633 1554 1727 1590 culpae
1741 1562 1801 1582 non

1024 1601 1119 1634 potest
1142 1600 1208 1635 quis
1234 1600 1334 1627 divina
1359 1603 1506 1637 praeeepta
1533 1601 1702 1629 observare.
1732 1602 1803 1629 Sunt

1024 1646 1216 1674 nihilominus
1248 1650 1395 1683 praecepta
1428 1648 1529 1675 divina
1560 1648 1634 1675 sicut
1665 1647 1802 1675 ultimum

1025 1694 1240 1720 testamentum.
1267 1696 1338 1721 Nam
1361 1694 1490 1729 primum
1517 1696 1721 1721 testamentum
1749 1693 1803 1721 fuit

1024 1739 1209 1773 Judaeormu,
1226 1740 1276 1775 qni
1292 1742 1437 1775 praecepta
1453 1740 1650 1767 observabant
1665 1748 1701 1767 ex
1714 1740 1801 1767 timo-

1024 1793 1054 1812 re
1069 1795 1075 1812 ;
1093 1788 1119 1812 et
1143 1786 1217 1812 illud
1242 1786 1295 1813 suit
1318 1788 1499 1813 revocatum.
1523 1786 1692 1814 Secundum
1713 1789 1800 1814 testa-

1024 1835 1156 1859 mentum
1173 1832 1224 1859 suit
1239 1832 1358 1867 Christi,
1375 1833 1483 1860 scilicet
1499 1835 1630 1869 tempore
1645 1834 1755 1868 gratiae,
1771 1833 1801 1860 in

1025 1886 1086 1914 quo
1103 1878 1298 1906 observantur
1309 1882 1454 1915 proecepta
1468 1888 1503 1907 ex
1515 1880 1654 1907 charitate
1667 1890 1674 1907 :
1686 1882 1714 1907 et
1727 1879 1801 1907 illud

1025 1924 1077 1952 tuit
1087 1925 1117 1952 in
1128 1928 1221 1953 morte
1238 1926 1338 1953 Christi
1352 1927 1570 1954 confirmatum.
1582 1926 1663 1954 Unde
1674 1926 1802 1954 Christus

1025 1971 1143 2011 dixit-iu
1163 1981 1217 2000 suo
1237 1973 1340 2000 ultimo
1360 1975 1533 2001 testamento
1552 1974 1582 2001 ⁹:
1604 1975 1659 2001 Hoc
1678 1976 1715 2001 est
1729 1981 1801 2008 proe-

1024 2021 1127 2054 ceptum
1142 2027 1237 2054 meum,
1256 2022 1287 2047 ut
1300 2020 1426 2047 habetur
1440 2020 1469 2047 in
1485 2021 1594 2048 Joanne.

1307 2133 1449 2167 CAPUT
1473 2134 1515 2166 11.

1195 2219 1232 2245 De
1248 2220 1390 2253 proecepcis
1408 2219 1503 2253 primm
1524 2217 1629 2245 tabuloe.

1060 2300 1140 2327 Circa
1155 2302 1370 2335 praeceptorum
1390 2299 1552 2328 secundam
1571 2300 1797 2334 distinctionem,

1023 2346 1188 2374 notandum
1209 2348 1251 2373 cst
1271 2346 1367 2381 primo
1392 2346 1420 2373 in
1442 2346 1572 2381 generali
1595 2346 1631 2374 de
1648 2346 1796 2374 omnibus.

1023 2397 1054 2422 Et
1069 2396 1139 2422 nota
1154 2394 1317 2421 secuudum
1332 2395 1493 2429 losephum
1509 2394 1546 2427 ¹⁰,
1563 2395 1613 2429 qui
1627 2393 1680 2421 fuit
1695 2394 1797 2422 doctor

1022 2440 1193 2475 historicus,
1210 2441 1292 2476 quod
1315 2444 1461 2476 praecepta
1486 2441 1586 2468 divina
1606 2440 1724 2467 fuerunt
1744 2449 1797 2476 per

1022 2496 1121 2523 aequas
1142 2489 1238 2522 partes
1261 2487 1290 2514 in
1314 2488 1387 2515 duas
1412 2487 1527 2514 tabulas
1552 2487 1700 2521 distincta,
1726 2488 1797 2523 quia

1022 2535 1154 2570 quinque
1177 2534 1294 2561 suerunt
1316 2534 1345 2561 in
1367 2543 1426 2562 uua
1446 2534 1560 2568 tabula,
1578 2536 1605 2561 et
1619 2534 1751 2570 quinque
1765 2534 1795 2561 in

1022 2582 1088 2610 alia.
1118 2580 1175 2609 Sed
1203 2581 1367 2608 secuudum
1393 2581 1547 2616 origenem
1563 2580 1600 2614 ¹¹,
1621 2584 1648 2608 et
1675 2581 1795 2609 beatum

1021 2650 1030 2664 ⁹
1050 2650 1130 2679 Joau„
1153 2654 1195 2677 xv,
1222 2651 1257 2672 tt.
1275 2662 1305 2666 —-
1328 2650 1347 2665 ¹⁰
1362 2648 1476 2679 ,losepli.,
1497 2649 1582 2680 Autiq.
1602 2648 1670 2679 .Ιιιι1.,
1685 2648 1728 2673 lib.
1751 2649 1794 2678 ΙΙΙ,

1021 2693 1043 2710 c.
1060 2691 1094 2709 iv.
1105 2698 1135 2702 —
1154 2686 1168 2698 '¹
1184 2684 1262 2714 Oria„
1279 2686 1303 2708 z'tz
1322 2685 1414 2714 Escod„
1428 2692 1472 2713 xx,
1484 2685 1554 2709 hom.
1571 2691 1625 2710 vni.

1054 2728 1087 2757 (a)
1106 2727 1167 2751 Coet.
1186 2726 1246 2750 edit.
1265 2734 1338 2758 aqua,
1354 2727 1427 2758 ignis,
1442 2727 1545 2751 scilicet.
