2004 3037
631 239 680 271 DE
701 238 898 272 OPERIBUS
920 239 1163 275 CONDITORIS.
1186 243 1273 276 CAP.
1296 245 1346 277 IX.
1754 250 1794 278 93

183 309 392 346 pressionum,
416 307 532 337 mansio
555 306 711 344 spirituum
737 307 958 336 damnatorum.

183 357 231 384 Est
254 358 282 384 et
299 355 475 391 alterabilis,
492 354 624 389 subtilis,
638 353 712 382 levis
725 376 734 390 ,
749 355 837 391 atque
852 362 936 383 rarus
952 364 958 382 :

182 411 244 431 non
268 403 362 439 lucet,
377 403 451 431 sicut
473 410 529 430 nec
552 401 676 438 aliquod
701 409 809 438 corpus
831 401 958 438 diapha-

183 457 273 485 num,
288 449 341 478 sed
353 451 395 477 est
408 448 624 477 illuminabilis.

218 499 303 533 Aqua
317 504 405 532 super
424 495 515 524 coelos
534 495 678 530 elevatur,
693 495 825 532 piscibus
839 495 961 524 decora-

185 544 242 576 tur.
259 542 482 579 tempestatibus
500 541 654 578 subjicitur
659 551 667 578 3
689 549 793 570 omnes
813 541 919 577 fontes,
935 543 963 570 et

182 589 356 626 flumina-ad
364 597 444 618 mare
455 589 680 624 continuantur3
697 588 736 616 ad
749 589 863 624 locum,
877 588 960 616 unde

181 637 341 671 venerunt,
357 637 553 664 revertuntur.
570 635 635 664 Aeri
649 635 762 672 praebet
776 643 854 672 aqua
868 634 961 663 infor—

182 683 360 718 mationem,
376 682 550 711 volatilibus
564 684 788 717 ornamentum,
804 684 832 710 et
845 683 962 717 vegeta-

182 729 294 758 bilibus
308 729 533 765 nutrimentum3
543 730 571 757 et
584 729 693 768 optime
709 731 751 757 est
766 729 962 757 terminabilis

182 776 309 804 termino
329 776 443 811 alieno,
457 776 511 804 sed
533 776 654 805 minime
676 776 802 804 termino
826 776 960 813 proprio.

183 825 268 859 Aqua
283 831 391 859 corpus
404 824 446 851 est
459 823 658 860 diaphanum,
672 824 812 852 omnibus
826 825 869 851 est
883 831 962 851 com-

183 869 300 904 munis,
315 870 346 897 in
370 870 543 906 crystallum
560 870 747 906 congelatur,
768 870 835 897 irim
854 869 884 897 in
904 877 961 897 nu⁴

184 915 273 944 bibus
297 919 412 952 causat,
439 917 542 945 sordes
564 919 689 953 purgat,
712 917 814 945 hortos
840 916 961 952 irrigat,

184 962 382 991 febricitantes
396 971 451 991 sua
464 963 623 999 frigiditate
639 966 667 991 et
684 963 848 991 humilitate
864 963 961 991 delec-

184 1010 239 1042 tat,
255 1017 346 1038 naves
360 1009 459 1045 vehit,
474 1009 577 1038 lumen
591 1010 709 1046 recipit,
726 1009 765 1037 ad
784 1018 870 1037 suum
884 1009 963 1046 prin-

186 1055 296 1092 cipium
315 1056 453 1091 recurrit,
469 1056 536 1084 loca
557 1064 650 1084 vacua
671 1056 763 1091 subit,
784 1056 899 1092 lapides
915 1064 962 1084 ca-

184 1104 250 1137 vat,
266 1103 365 1138 ignem
380 1103 540 1138 extinguit,
557 1103 630 1131 olim
650 1103 798 1131 mundum
812 1103 960 1138 purgavit.

185 1150 217 1177 ln
240 1150 315 1177 mari
338 1150 439 1178 Rubro
461 1150 575 1186 populo
600 1151 650 1178 Dei
679 1150 783 1185 cessit3
810 1150 847 1177 de
873 1149 962 1177 latere

185 1196 288 1224 Christi
303 1196 402 1232 fluxit;
417 1197 494 1224 hanc
510 1197 640 1226 Christus
655 1197 687 1225 in
702 1197 807 1224 vinum
822 1196 962 1230 mutavit,

186 1250 220 1270 ac
236 1243 273 1271 de
288 1243 353 1279 ipsa
366 1244 507 1280 baptismi
520 1244 675 1272 materiam
694 1243 853 1272 ordinavit.

220 1291 307 1318 Terra
327 1290 403 1318 inter
423 1290 481 1319 alia
496 1291 643 1319 elementa
661 1293 703 1318 est
723 1290 843 1324 infima,
859 1290 962 1325 nigra,

185 1336 280 1372 magis
294 1336 432 1373 despecta
442 1359 450 1372 ,
466 1337 638 1373 ponderosa
648 1359 656 1372 ,
672 1337 817 1372 rotunda,
835 1337 964 1364 elemen-

185 1383 221 1410 tis
245 1383 310 1410 aliis
339 1383 543 1419 circumdata,
567 1386 661 1412 mater
685 1384 853 1418 fructuum,
877 1383 964 1411 radix

185 1429 356 1465 plantarum
373 1451 381 1465 ,
411 1430 510 1458 nutrix
538 1431 714 1458 animalium
730 1452 739 1466 ,
769 1430 964 1458 {edificiorum

185 1474 430 1511 fundamentum,
446 1479 633 1505 mortuorum
647 1477 881 1513 receptaculum,
897 1485 962 1504 ma-

187 1521 280 1549 chinae
300 1523 461 1551 mundialis
486 1525 637 1559 centrum,
655 1523 806 1551 concludit
826 1524 855 1551 in
876 1531 905 1550 se
921 1524 965 1550 in-

186 1567 319 1603 fernum5
342 1569 467 1604 frigida,
493 1570 587 1604 sicca,
612 1578 706 1606 opaca
721 1592 730 1605 ,
751 1571 884 1606 corporis
908 1570 964 1597 hu-

186 1615 267 1642 mani
289 1615 422 1643 materia.
445 1617 546 1644 Servat
559 1616 696 1651 metalla,
713 1618 813 1644 centro
829 1618 943 1644 tenetur
955 1638 962 1650 ,

187 1663 271 1689 motu
286 1670 321 1690 ex
341 1662 504 1698 vaporibus
524 1663 644 1690 inclusis
665 1664 847 1698 concutitur,
864 1663 964 1691 herbis

188 1710 215 1736 et
228 1708 353 1736 floribus
372 1715 406 1736 ac
426 1709 584 1737 arboribus
606 1710 665 1737 suis
690 1710 846 1738 decoratur
864 1719 870 1738 z
887 1710 965 1737 circa

187 1762 253 1782 eam
273 1757 357 1783 motu
372 1756 507 1783 circulari
523 1756 632 1784 coelum
654 1765 722 1784 cum
740 1757 888 1784 sideribus
901 1756 965 1784 vol-

186 1801 281 1836 vitur3
297 1802 335 1829 ab
357 1802 530 1830 hominibus
552 1805 579 1830 et
595 1803 735 1838 jumentis
750 1803 878 1831 calcatur
892 1812 898 1830 :
912 1803 965 1830 ho-

185 1855 253 1875 rum
269 1848 407 1884 quaedam
421 1850 514 1876 Terrae
529 1852 700 1885 competunt
721 1850 886 1877 secundum
902 1858 964 1877 esse

187 1902 293 1929 suum,
310 1895 448 1931 quaedam
463 1896 629 1924 secundum
649 1897 751 1931 situm,
767 1897 906 1933 quaedam
921 1905 964 1924 se-

187 1941 319 1969 cundum
334 1944 505 1970 contentum
515 1965 523 1978 ,
541 1944 679 1979 quaedam
698 1945 863 1972 secundum
879 1953 964 1973 orna-

187 1989 267 2022 tum,
283 1989 422 2024 quaedam
436 1991 601 2018 secundum
620 1992 784 2020 utilitatem.

448 2083 609 2117 CAPUT
641 2085 703 2118 IX.

384 2155 422 2181 De
444 2155 663 2190 impressionibus
686 2157 766 2183 aeris.

226 2224 373 2259 Cometes,
392 2224 460 2252 licet
476 2228 618 2262 appareat
633 2227 717 2262 quasi
732 2226 831 2261 stella,
848 2235 908 2254 non
925 2230 966 2255 est

189 2271 288 2297 tamen
305 2270 387 2298 aliud
402 2280 491 2307 quam
515 2281 609 2308 vapor
630 2274 830 2301 inflammatus
846 2282 881 2301 cx
897 2274 965 2301 vici-

189 2316 278 2344 nitate
289 2317 375 2352 ignis.
391 2318 440 2345 Hic
455 2327 555 2347 comas
567 2319 687 2348 luminis
702 2320 807 2355 fundit,
820 2323 847 2348 et
862 2321 967 2348 dicitur

191 2363 356 2398 significare
383 2365 588 2401 mutationem,
615 2369 664 2394 aut
691 2367 782 2400 bella,
811 2370 861 2394 aut
881 2368 967 2403 pesti-

190 2409 302 2437 lentias.
324 2411 440 2439 Corona
454 2415 496 2439 est
509 2413 596 2440 albus
614 2413 750 2449 circulus,
767 2414 818 2450 qui
831 2415 967 2450 quando-

191 2464 249 2492 que
265 2459 387 2493 apparet
401 2458 478 2486 circa
489 2459 597 2494 Solem,
609 2460 656 2487 vel
667 2462 789 2495 Lunam,
806 2464 855 2488 aut
870 2462 967 2490 stellas

191 2504 264 2532 alias
272 2515 280 2540 3
300 2507 327 2533 et
342 2508 477 2534 causatur
497 2515 531 2534 ex
547 2507 678 2544 reliquiis
697 2508 823 2536 nubium
838 2517 890 2545 per
904 2509 968 2545 pla-

192 2553 326 2580 netarum
355 2552 455 2580 radios
480 2554 606 2582 attractis
630 2557 657 2582 et
682 2555 863 2583 illuminatis.
894 2556 968 2584 Talis

194 2599 291 2625 autem
315 2598 442 2626 circulus
470 2599 587 2634 signum
611 2603 653 2629 est
681 2602 852 2630 serenitatis.
877 2602 968 2631 Albus

194 2643 306 2679 duplex
325 2646 377 2680 est,
403 2645 563 2674 ascendens
587 2647 705 2682 scilicet,
728 2650 755 2676 et
778 2649 966 2677 descendens.

194 2690 359 2719 Ascendcns
374 2691 407 2719 fit
421 2700 456 2721 ex
470 2693 603 2728 partibus
617 2695 736 2731 vaporis
750 2696 924 2724 inflammati
939 2696 968 2724 in

1017 317 1157 346 supremo
1180 311 1266 346 areis,
1290 314 1319 340 et
1340 312 1458 341 videtur
1481 313 1649 348 ascendere,
1674 313 1747 342 sieut
1769 315 1794 343 si

1017 356 1169 385 evolarent
1183 358 1316 386 scintillae
1331 359 1368 387 de
1385 359 1515 388 fornace.
1536 360 1628 389 Albus
1640 368 1712 389 vero
1728 360 1794 389 des-

1018 402 1146 431 cendens
1162 406 1204 432 est
1225 404 1301 440 ignis
1319 406 1447 433 retentus
1466 406 1496 434 in
1517 407 1614 441 nube,
1629 407 1680 443 qui
1696 408 1794 436 tamen

1017 449 1173 486 expellitur
1183 451 1322 479 obviante
1334 452 1414 480 nube
1430 452 1552 488 frigida,
1568 455 1596 481 et
1609 453 1687 482 cadit
1701 454 1794 482 conti-

1016 504 1092 531 nue,
1107 499 1227 534 propter
1246 499 1330 535 quod
1348 499 1465 527 videtur
1487 500 1569 536 quod
1587 501 1669 530 stella
1686 502 1796 531 cadens

1017 543 1054 570 sit
1065 543 1170 580 longa,
1187 545 1258 581 quia
1275 545 1415 582 relinquit
1435 546 1557 582 vestigia
1575 555 1660 576 casus
1673 551 1741 585 post
1754 558 1795 579 se.

1018 591 1130 619 Lumen
1146 591 1230 627 quod
1241 592 1358 620 videtur
1369 593 1406 620 de
1419 595 1505 621 nocte
1521 593 1752 624 discurrentibus
1765 605 1796 625 se

1017 638 1206 673 praecedere,
1224 640 1267 667 est
1286 647 1381 676 vapor
1406 642 1577 676 compactus
1600 641 1796 678 descendens,

1018 684 1149 712 cuicum
1170 685 1245 713 nihil
1269 686 1388 721 obviet,
1405 686 1614 716 confricatione
1637 689 1681 716 sui
1706 690 1797 726 ipsius

1018 731 1206 767 accenditur,
1232 734 1260 760 et
1278 732 1455 769 aliquandiu
1476 735 1531 762 stat
1553 735 1584 762 in
1606 743 1682 763 aere.
1705 737 1796 765 Draco

1019 777 1125 805 dicitur
1138 787 1234 815 vapor
1248 778 1331 807 fortis
1352 780 1564 816 conglobatus,
1578 782 1629 818 qui
1645 784 1688 810 est
1702 784 1797 811 nubes

1017 823 1126 859 frigida
1146 825 1185 853 ad
1205 826 1282 854 latus
1304 835 1413 861 unum,
1436 830 1464 855 et
1484 828 1581 856 calida
1604 829 1643 856 ad
1658 829 1754 865 aliud,
1771 833 1797 858 et

1018 871 1087 898 tunc
1101 874 1222 908 propter
1237 869 1476 902 convenientiam
1496 875 1535 903 ad
1551 875 1692 911 calidum,
1711 877 1799 904 trahi-

1019 919 1065 945 tur
1080 918 1119 946 ad
1132 919 1224 953 illud,
1242 922 1269 948 et
1288 920 1328 948 ita
1345 921 1512 950 incenditur
1526 930 1595 958 pars
1610 923 1754 959 anterior,
1771 926 1799 952 et

1018 964 1080 992 haec
1101 965 1219 994 videtur
1242 967 1328 1003 quasi
1351 968 1501 1004 spiramen
1525 969 1677 1006 draconis;
1699 971 1798 1000 media

1018 1019 1090 1039 vero
1105 1020 1174 1048 pars
1191 1013 1361 1042 incurvatur
1375 1017 1406 1043 ut
1420 1024 1557 1052 serpens,
1579 1019 1607 1045 et
1623 1018 1705 1046 volat
1723 1027 1798 1046 sem-

1018 1066 1072 1094 per
1086 1059 1125 1086 ad
1139 1059 1214 1087 latus
1227 1060 1279 1088 ubi
1293 1061 1423 1089 calidum
1438 1062 1606 1092 circumstat
1617 1064 1724 1100 ipsum.

1055 1106 1152 1134 Nubes
1175 1106 1270 1142 fiunt,
1290 1108 1414 1143 quando
1436 1117 1453 1136 a
1477 1109 1583 1138 virtute
1608 1111 1682 1139 Solis
1703 1113 1799 1140 extra-

1019 1152 1129 1180 huntur
1144 1161 1269 1189 vapores
1283 1154 1320 1182 de
1340 1155 1437 1191 aquis,
1453 1158 1480 1184 ct
1493 1157 1665 1192 paludibus,
1684 1160 1712 1186 et
1725 1158 1798 1187 locis

1018 1199 1163 1234 humidis;
1190 1202 1217 1227 et
1236 1200 1370 1229 feruntur
1396 1210 1523 1230 sursum.
1546 1205 1661 1232 Nebula
1684 1207 1727 1232 est
1748 1205 1798 1240 id,

1020 1246 1104 1281 quod
1114 1254 1150 1274 ex
1160 1247 1293 1275 nubibus
1303 1256 1414 1284 aquam
1424 1249 1595 1285 pluentibus
1606 1251 1797 1288 relinquitur:

1020 1296 1047 1321 et
1061 1294 1145 1328 ideo,
1161 1295 1326 1323 secundum
1348 1297 1545 1332 Aristotelem,
1561 1298 1680 1334 signum
1699 1301 1741 1327 est
1756 1308 1798 1328 se-

1019 1341 1160 1369 renitatis.
1187 1343 1288 1378 Caligo
1316 1346 1358 1371 est
1380 1352 1475 1380 vapor
1499 1345 1683 1381 tenebrosus,
1709 1354 1799 1382 quem

1020 1389 1112 1424 vulgo
1131 1390 1283 1426 appellant
1303 1391 1453 1419 nebulam.
1478 1393 1531 1419 Iste
1553 1400 1648 1428 vapor
1665 1401 1727 1421 non
1742 1394 1799 1421 ele-

1020 1437 1120 1471 vatur3
1145 1436 1197 1464 sed
1221 1437 1396 1473 priusquam
1420 1440 1607 1466 convertatur
1635 1439 1665 1466 in
1693 1440 1798 1475 nubes,

1020 1482 1068 1509 vel
1085 1482 1115 1509 in
1134 1483 1284 1518 pluviam,
1308 1484 1497 1520 deprimitur,
1523 1488 1550 1512 et
1568 1489 1699 1514 remanet
1716 1487 1800 1522 juxta

1020 1529 1138 1556 terram.
1160 1531 1217 1557 Ros
1239 1532 1281 1557 est
1304 1531 1335 1557 id
1359 1531 1442 1566 quod
1458 1531 1609 1559 descendit
1632 1541 1667 1559 ex
1688 1541 1798 1569 vapore

1020 1581 1125 1608 parvo,
1142 1574 1214 1601 etin
1233 1574 1376 1602 descensu
1392 1584 1446 1603 suo
1462 1576 1586 1604 traditur
1599 1577 1635 1613 (a)
1653 1578 1682 1604 in
1700 1579 1799 1613 parvis

1020 1619 1159 1648 minutiis.
1182 1621 1283 1649 Pluvia
1298 1624 1339 1650 est
1354 1630 1433 1658 aqua
1457 1623 1638 1652 descendens
1658 1633 1694 1652 ex
1713 1626 1800 1653 nubi-

1020 1666 1077 1694 bus
1092 1667 1243 1702 resolutis,
1258 1668 1447 1697 velocitatem
1468 1670 1582 1698 habens
1606 1680 1664 1699 suae
1680 1672 1800 1700 descen-

1020 1712 1127 1748 sionis,
1145 1716 1173 1740 et
1191 1714 1248 1742 hoc
1269 1716 1413 1750 guttatim.
1438 1717 1544 1745 Pruina
1569 1719 1611 1745 est
1634 1726 1670 1746 ex
1689 1727 1800 1754 vapore

1019 1759 1140 1793 rorido,
1162 1761 1211 1796 qui
1232 1761 1269 1797 (b)
1291 1762 1464 1797 congelatur
1489 1765 1649 1800 antequam
1674 1773 1709 1792 ex
1735 1766 1799 1801 ipso

1020 1806 1186 1835 resolvatur
1206 1815 1294 1843 aqua.
1321 1809 1374 1836 Nix
1396 1812 1552 1844 generatur
1575 1811 1605 1838 in
1627 1812 1707 1839 nube
1729 1812 1799 1840 cali-

1021 1853 1151 1889 dissima,
1168 1856 1251 1890 cujus
1275 1857 1440 1892 congelatio
1464 1857 1496 1885 fit
1518 1867 1585 1885 cum
1607 1860 1799 1888 conversione

1020 1900 1051 1928 in
1071 1909 1181 1937 aquam
1198 1912 1204 1929 2
1226 1904 1253 1930 et
1271 1903 1340 1931 ideo
1360 1907 1457 1939 partes
1477 1905 1540 1939 ejus
1559 1914 1620 1933 non
1640 1906 1799 1942 inspissan-

1020 1949 1076 1976 tur.
1094 1949 1211 1977 Grando
1227 1942 1384 1985 generatur
1399 1959 1435 1978 cx
1451 1951 1531 1979 nube
1549 1952 1727 1980 calidissima
1742 1954 1800 1981 vii·-

1021 1997 1079 2022 tute
1096 1996 1171 2023 Solis
1194 1997 1321 2024 multum
1346 1997 1470 2032 elevata,
1501 2007 1566 2034 quse
1590 2002 1747 2035 postquam
1769 2001 1800 2028 in

1021 2050 1131 2078 aquam
1146 2043 1317 2078 resolvitur,
1330 2045 1398 2071 tunc
1415 2044 1536 2072 demum
1551 2045 1582 2072 in
1597 2046 1696 2073 medio
1712 2046 1799 2074 inter-

1022 2089 1098 2116 stitio
1122 2090 1197 2117 aeris
1217 2091 1395 2125 congelatur.
1419 2091 1590 2118 Tonitruum
1612 2094 1653 2119 est
1679 2095 1798 2129 vaporis

1023 2135 1091 2162 sicci
1107 2136 1282 2170 egredientis
1301 2137 1337 2164 dc
1357 2138 1436 2165 nube
1455 2138 1594 2173 humida,
1612 2139 1659 2167 vel
1674 2140 1705 2167 in
1719 2141 1799 2169 nube

1022 2181 1130 2216 frigida
1145 2185 1173 2210 et
1186 2183 1310 2211 humida
1321 2205 1329 2217 ,
1346 2186 1373 2211 et
1387 2185 1494 2212 scindit
1515 2185 1663 2221 quidquid
1678 2187 1798 2216 invenit.

1022 2229 1187 2257 coruscatio
1203 2231 1245 2257 cst
1263 2230 1441 2259 illuminatIO
1461 2232 1581 2267 vaporis
1601 2233 1669 2260 sicci
1690 2234 1802 2262 incensi

1022 2275 1053 2302 in
1072 2283 1183 2311 vapore
1212 2276 1348 2304 humido.
1376 2278 1485 2313 Fulgur
1509 2282 1665 2313 generatur
1689 2289 1725 2308 ex
1754 2290 1802 2308 va-

1021 2330 1093 2357 pore
1109 2331 1212 2357 grosso
1224 2344 1233 2357 ,
1250 2324 1383 2358 elevato,
1408 2327 1435 2352 et
1457 2325 1555 2353 calore
1581 2327 1708 2355 siccato:
1731 2328 1802 2363 quia

1023 2377 1090 2396 cum
1115 2370 1151 2397 sit
1181 2370 1274 2405 ignem
1304 2373 1434 2405 naturae,
1457 2372 1486 2398 vi
1514 2375 1671 2401 ventorum
1700 2377 1802 2402 contra

1022 2417 1160 2444 naturam
1176 2417 1342 2452 descendit,
1364 2420 1391 2445 et
1407 2418 1484 2452 urit,
1500 2421 1527 2446 et
1551 2419 1625 2447 nihil
1640 2420 1665 2447 ei
1681 2421 1800 2456 resistit,

1023 2464 1119 2490 aestate
1142 2464 1307 2499 praecipue,
1332 2466 1359 2491 et
1380 2464 1410 2491 in
1432 2465 1583 2493 montibus
1604 2467 1727 2501 percutit
1742 2467 1801 2496 'sre-

1024 2511 1157 2544 quenter.
1183 2510 1306 2537 Fulmen
1333 2513 1374 2538 est
1404 2519 1498 2547 vapor
1531 2513 1672 2540 terrestris
1702 2516 1729 2542 et
1755 2515 1800 2542 in-

1024 2555 1206 2591 flammatus,
1237 2557 1288 2592 qui
1312 2557 1434 2593 quando
1465 2558 1556 2593 tangit
1579 2559 1708 2595 nubem,
1735 2569 1801 2597 qua:

1022 2602 1085 2637 jam
1109 2605 1151 2631 est
1173 2603 1203 2630 in
1228 2604 1420 2632 conversione
1446 2604 1485 2631 ad
1509 2612 1639 2641 aquam,
1656 2608 1800 2642 congluti-

1058 2667 1089 2696 (α)
1107 2666 1202 2690 Forsan
1222 2666 1351 2699 leqemlmn
1369 2668 1535 2693 contrahitur.
1557 2683 1587 2688 —
1606 2672 1638 2702 (b)
1664 2672 1723 2696 Coet.
1740 2673 1799 2696 edi!z

1026 2708 1090 2732 quffl.
