2004 3037
147 212 210 245 528

377 290 522 327 CAPUT
543 291 700 328 XXXIII.

266 361 302 389 De
319 361 530 389 immortalitate
546 361 694 390 rationalis
713 362 820 390 animoe.

185 425 238 453 Per
251 423 310 453 hoc
324 423 408 460 quod
423 423 541 459 dieitur,
555 423 619 453 Gen.
623 445 633 460 ,
648 432 720 459 xxv,
735 424 769 460 8,
783 423 823 453 de
835 424 930 454 Abra-

147 470 220 500 ham
234 479 242 499 ε
265 479 280 498 α
293 471 495 507 Congregetus
515 473 558 500 est
571 471 611 500 ad
630 471 780 508 populum
793 480 897 509 suum3
911 482 927 500 »

147 518 281 547 innuitur
295 518 380 555 quod
392 518 424 546 in
436 518 496 547 alio
511 518 620 547 saeculo
634 518 759 548 haberet
771 519 930 557 populum,

147 565 258 594 seilicet
277 565 415 594 homines
433 565 486 602 qui
505 565 582 594 bene
597 565 744 603 vixerant,
760 566 835 596 sicut
854 567 929 604 ipse.

147 613 247 643 Simile
261 612 389 642 habetur
404 613 441 642 de
452 615 548 642 Isaac:
561 624 574 641 α
589 614 748 651 Appositus
757 616 800 644 est
813 615 930 652 populo

147 668 236 696 suo,n
246 661 324 697 Gen„
336 669 427 697 xxxv,
438 662 491 697 293
503 662 531 690 et
539 661 576 690 de
584 661 688 698 Jacob,
699 663 778 697 Gen„
791 671 872 698 xux,
882 663 929 692 32.

184 709 257 737 Cum
272 708 406 737 erederet
425 708 517 737 Jacob
537 710 690 737 mortuum
712 717 775 738 esse
794 709 904 747 soseph
920 719 928 739 :

150 765 165 782 α
175 755 368 792 Descendam,
377 765 392 782 υ
404 755 512 793 inquit,
523 765 537 782 α
547 756 586 784 ad
596 756 694 785 filium
706 765 810 786 meum
824 757 930 794 lugens

146 802 178 831 in
192 802 352 832 infernum.
368 812 384 831 n
402 803 478 836 Gen„
494 811 607 838 xxxvn,
623 805 668 832 35.
692 803 774 833 Unde
789 804 931 834 credebat

147 857 217 878 eum
231 850 274 878 ibi
287 857 350 878 esse
363 849 530 878 secundum
545 849 692 886 spiritum.

182 897 297 926 Fratres
316 896 427 934 Joseph
450 897 585 925 volentes
606 896 721 933 dicere,
746 896 831 934 quod
851 904 930 926 unus

145 943 270 973 fratrum
285 952 409 972 suorum
427 945 564 972 mortuus
577 946 662 979 esset,
679 944 835 978 dicebant,
851 944 928 979 Gen„

145 998 214 1026 xm,
231 993 259 1019 1¹
277 999 284 1018 ε
303 1001 317 1017 α
332 991 494 1019 Duodecim
516 990 620 1019 fratres
640 999 744 1019 sumus
766 992 819 1019 filii
840 992 930 1020 unius

144 1038 211 1066 viri.
224 1047 238 1064 »ι
258 1038 377 1073 Sumus,
392 1038 542 1074 inquiunt,
557 1046 619 1066 non
638 1047 652 1064 α
667 1038 798 1073 Fuimus,
810 1048 826 1065 n
843 1038 928 1075 quasi

146 1087 221 1113 esset
235 1084 334 1113 adhuc
347 1085 413 1120 ille,
429 1085 481 1122 qui
501 1087 636 1114 mortuus
657 1086 828 1122 putabatur.
847 1095 862 1112 ιι
876 1085 928 1114 Mi-

144 1131 244 1160 nimus
259 1140 327 1160 cum
346 1133 430 1169 patre
453 1135 555 1161 nostro
569 1134 629 1169 est,
650 1132 726 1162 alius
739 1140 801 1162 non
815 1134 858 1162 est
879 1140 928 1161 su·

145 1186 210 1215 per,
225 1190 238 1205 »
256 1179 310 1207 sed
325 1179 439 1208 subtus.

180 1229 333 1263 Apparens
349 1226 491 1255 Dominus
506 1227 597 1264 Moysi
610 1227 641 1255 in
652 1227 730 1256 rubo
742 1227 833 1256 dixit:
846 1229 928 1264 «Ego

145 1281 212 1301 sum
222 1275 296 1301 Deus
307 1273 469 1307 Abraham,
483 1276 558 1302 Deus
570 1276 659 1309 isaac,
671 1277 699 1303 et
710 1276 785 1303 Deus
800 1274 925 1303 Jacob.»

144 1320 245 1356 Exod„
261 1329 303 1356 ιιι,
327 1322 372 1349 15.
389 1322 442 1350 Per
464 1321 522 1350 hoc
537 1322 645 1357 probat
668 1321 803 1350 Salvator
816 1324 926 1357 noster,

144 1368 258 1402 Matth„
285 1375 358 1403 xxu,
382 1369 432 1403 32,
456 1369 704 1397 resurrectionem
727 1370 926 1397 mortuorum.

148 1424 163 1440 «
177 1415 241 1443 Non
255 1417 308 1450 est,
323 1425 338 1442 η
356 1415 465 1452 inquit,
484 1426 497 1441 «
513 1417 588 1444 Deus
602 1418 802 1452 mortuorum,
817 1416 870 1445 sed
884 1416 928 1444 vi-

145 1461 289 1490 ventium.
305 1472 320 1489 »

182 1511 220 1538 De
235 1511 309 1538 Core
320 1532 329 1546 ,
345 1512 373 1539 et
387 1511 585 1548 complicibus
601 1512 679 1548 ejus,
697 1512 814 1548 dieitur,
833 1513 927 1546 Num„

146 1564 206 1592 xvr,
221 1559 272 1585 33:
289 1567 301 1583 «
316 1559 535 1587 Descenderunt
550 1559 609 1587 vivi
625 1559 655 1587 in
671 1560 819 1588 infernum
833 1559 927 1595 operti

145 1603 250 1639 humo,
263 1607 290 1632 et
301 1605 451 1640 perierunt
462 1606 499 1633 de
509 1606 611 1635 medio
627 1606 834 1635 multitudinis.
846 1617 860 1634 ι)
875 1607 928 1634 Per

144 1650 203 1679 hoc
217 1654 298 1687 patet
312 1653 396 1689 quod
411 1653 441 1681 in
462 1653 577 1682 inferno
599 1653 740 1682 vivebant
762 1654 927 1682 secundum

145 1698 272 1727 animas.

180 1745 207 1773 Si
229 1745 298 1774 Saul
319 1746 491 1775 credidisset
508 1748 677 1776 Samuelem
700 1748 817 1784 penitus
832 1755 927 1784 quan-

144 1793 207 1821 tum
221 1793 261 1820 ad
271 1793 403 1821 animam
415 1794 575 1822 extinctum
588 1794 688 1829 fuisse,
704 1803 765 1823 non
778 1795 927 1831 petivisset

145 1839 201 1867 sibi
215 1839 313 1875 ipsum
329 1840 473 1875 suscitari,
486 1842 495 1869 l
509 1842 586 1876 Κεφ,
602 1849 706 1876 xxx-iu,
723 1843 768 1869 Η.

181 1886 353 1915 Mirantihus
367 1887 458 1915 servis
475 1888 579 1922 David,
603 1888 685 1924 quod
701 1888 763 1924 ipse
778 1896 833 1924 pro
848 1896 927 1917 mor-

144 1935 195 1962 tuo
205 1933 332 1969 parvulo
348 1941 409 1962 non
423 1934 566 1970 ploraret,
579 1935 664 1970 dixit,
680 1935 701 1964 ll
716 1936 794 1971 Rea,
810 1942 862 1970 xn,
873 1937 924 1964 23:

148 1990 162 2005 «
176 1982 236 2015 Ego
250 1980 362 2009 vadam
378 1981 418 2010 ad
439 1989 519 2017 eum,
534 1981 584 2010 ille
600 1990 672 2010 vero
686 1990 749 2011 non
763 1984 928 2010 revertetur

145 2026 186 2055 ad
197 2035 255 2056 me.
271 2037 286 2054 n

181 2075 255 2103 Cum
269 2082 450 2111 suspensus,
472 2078 500 2104 et
522 2075 616 2104 tribus
636 2075 748 2104 lanceis
773 2076 927 2105 confossus

145 2122 275 2150 Absalon
288 2122 442 2158 interisset,
458 2123 551 2151 David
566 2123 799 2159 lacrymabiliter
813 2123 927 2160 planxit

147 2177 227 2204 eum,
242 2170 262 2197 ll
271 2170 347 2204 Κεφ,
358 2177 439 2205 xvm,
451 2172 495 2199 33.
504 2172 586 2206 Et,ut
595 2171 831 2206 aitAugustinus,
841 2171 925 2200 tertio

146 2216 179 2244 de
194 2218 323 2244 Doctrina
343 2218 510 2250 Christiana,
527 2228 540 2243 «
556 2225 617 2246 non
632 2218 790 2246 orbitatem
805 2218 857 2246 tilii
871 2218 926 2247 do-

145 2263 210 2297 luit,
220 2262 274 2291 sed
287 2264 359 2299 quia
375 2267 498 2292 noverat
509 2265 539 2292 in
554 2273 628 2301 quas
642 2273 746 2301 poeuas
761 2267 821 2294 tam
837 2265 926 2301 impie

146 2309 282 2339 adultera
297 2312 325 2338 et
339 2311 524 2346 parricidalis
544 2313 644 2340 anima
658 2314 812 2348 raperetur
818 2321 826 2347 ;
841 2320 926 2341 nain—

146 2365 205 2393 que
220 2356 279 2385 alio
295 2357 377 2393 prius
392 2358 466 2392 filio,
483 2358 534 2394 qui
548 2359 690 2386 innocens
705 2361 779 2392 erat,
793 2367 848 2394 pro
864 2367 926 2395 quo

146 2406 305 2439 oegrotante
332 2404 534 2439 affligebatur,
557 2407 675 2434 mortuo
702 2405 816 2434 laetatus
839 2408 897 2442 est,
909 2416 923 2433 ι)

147 2454 168 2481 ll
182 2454 259 2488 neq„
273 2461 324 2488 ιιι,
338 2454 385 2488 22,
398 2453 444 2481 ΞΒ.

182 2500 281 2528 Oravit
294 2499 370 2528 Elias
387 2508 443 2536 pro
458 2500 646 2529 suscitatione
660 2500 713 2528 filii
729 2500 852 2537 hospitae
867 2509 927 2529 suoe

148 2546 265 2575 dicens:
278 2556 292 2573 α
300 2547 422 2575 Domine
434 2548 509 2576 Deus
519 2555 614 2582 meuS,
625 2549 798 2583 revertatur,
810 2556 925 2584 quaeso,

148 2594 248 2622 anima
267 2594 352 2630 pueri
371 2593 460 2630 hujus
480 2594 512 2623 in
530 2594 644 2623 viscera
663 2596 735 2630 ejus.
756 2604 769 2622 ι)
790 2594 825 2624 111
847 2595 925 2631 Κεφ,

147 2648 226 2675 xvn,
236 2643 266 2670 2¹
274 2662 280 2668 .

184 2689 362 2725 Frequenter
382 2689 489 2725 legitur
512 2689 542 2717 in
562 2688 644 2717 libris
668 2691 767 2724 aequm
791 2699 799 2716 .·
828 2700 842 2717 ει
856 2691 926 2718 Dor-

765 210 900 244 BIBLIA
917 209 1150 245 PAUPERUM.

985 279 1071 310 mivit
1083 288 1154 310 cum
1166 279 1302 318 patribus
1315 279 1393 317 suis-3
1403 289 1419 309 η
1430 280 1517 318 quod
1530 280 1656 318 quidem
1666 272 1768 316 nnius-t

984 328 1072 356 tenus
1094 327 1133 356 de
1153 327 1249 356 brutis
1266 327 1448 356 animalibus
1467 329 1566 365 potest
1586 327 1657 357 dici.
1683 329 1766 359 Unde

984 374 1130 411 probatur
1142 382 1194 403 eos
1207 375 1306 404 vivere
1321 376 1388 412 post
1401 376 1545 411 mortem,
1561 377 1589 404 et
1602 378 1707 413 postea
1719 384 1767 405 re-

985 424 1168 452 surrecturos
1180 430 1254 457 esse,
1268 422 1344 451 sicut
1355 422 1386 450 in
1401 422 1568 452 dormiente
1582 425 1716 460 apparet.
1760 462 1761 465 Ἴ

1021 471 1063 498 Ex
1075 469 1176 498 verbis
1189 478 1257 506 quae
1271 469 1346 498 dixit
1358 469 1466 498 Tobias
1476 491 1485 505 ,
1500 470 1657 507 increpans
1671 470 1766 500 stulti-

984 517 1058 546 tiam
1069 517 1322 554 propinquorum,
1337 518 1418 554 patet
1430 516 1597 553 manifeste,
1609 517 1694 555 quod
1703 517 1766 547 ani-

984 571 1036 593 ma
1045 563 1128 593 vivat
1141 567 1209 601 post
1222 564 1442 601 separationem
1456 572 1474 593 a
1485 572 1622 602 corpore.
1637 574 1652 591 ι
1664 564 1764 601 Filii,»

985 609 1091 646 inquit,
1108 619 1124 637 ι(
1137 611 1309 638 sanctorum
1323 617 1442 645 sumus,
1457 612 1485 638 et
1499 610 1593 639 vitam
1616 610 1700 639 illam
1714 618 1767 639 ex-

984 657 1148 696 pectamus,
1160 664 1254 693 quam
1266 658 1342 686 Deus
1354 657 1478 686 daturus
1492 659 1535 686 est
1548 658 1593 693 iis,
1608 658 1661 694 qui
1674 656 1769 687 fide'm

984 710 1071 732 suam
1095 711 1252 739 nunquam
1273 706 1389 732 mutant
1410 704 1449 732 ab
1474 712 1521 734 eo.
1536 715 1550 732 »ι
1569 705 1644 739 Τοὸ.,
1663 713 1699 741 ιι,
1719 706 1766 734 18.

985 749 1068 779 Idem
1090 750 1122 778 in
1143 750 1278 780 oratione
1297 753 1402 787 postea
1422 751 1518 780 dixit:
1536 761 1551 778 α
1565 752 1706 789 1)οωίηοῦ
1721 760 1767 781 se-

984 797 1119 826 cundum
1132 797 1318 826 voluntatem
1338 799 1420 826 tuam
1434 798 1481 827 sac
1495 801 1625 835 mecum,
1640 800 1671 828 et
1687 807 1766 836 prae-

985 843 1062 880 cipe,
1074 844 1105 872 in
1115 852 1190 881 paee
1198 844 1290 882 recipi
1300 844 1437 882 spiritum
1446 853 1556 874 meum.
1569 856 1583 873 ιι
1597 846 1672 879 Τοὸ.,
1682 854 1726 882 ιιι,
1736 847 1765 876 8.

1023 891 1175 920 «Addidit
1198 892 1342 920 Dominus
1366 893 1468 921 omnia
1488 900 1554 930 quae
1574 892 1690 922 fuerant
1709 892 1766 922 soh

985 938 1133 976 duplicia,
1148 949 1162 966 n
1184 940 1248 975 Job,
1263 948 1332 975 xm,
1349 942 1391 968 ¹0.
1411 941 1522 969 Tamen
1535 949 1598 970 non
1613 941 1696 970 dedit
1709 941 1766 970 nisi

985 989 1097 1023 septem
1110 987 1198 1021 filios,
1211 989 1238 1015 et
1251 988 1310 1015 tres
1324 987 1500 1022 filias,sicut
1513 989 1606 1025 prius,
1621 990 1654 1016 ut
1667 989 1698 1024 ii,
1715 989 1766 1026 qui

982 1033 1046 1070 jam
1065 1033 1183 1062 extincti
1198 1034 1324 1070 fuerant,
1343 1035 1442 1063 vivere
1457 1035 1708 1072 demonstrentur,
1721 1044 1768 1065 se-

985 1083 1119 1112 cundum
1134 1083 1319 1119 Gregorium‚
1335 1085 1435 1112 Moral.
1452 1084 1505 1113 ult.

1020 1131 1111 1159 Valde
1137 1139 1275 1168 expresse
1295 1131 1367 1160 dicit
1389 1131 1532 1160 Salomon
1546 1132 1577 1160 in
1598 1132 1658 1161 fine
1672 1134 1767 1162 Eccle-

983 1180 1079 1206 siastae
1096 1178 1131 1214 (a)
1148 1187 1155 1206 :
1175 1188 1188 1204 «
1203 1179 1376 1206 Revertatur
1389 1178 1489 1214 pulvis
1499 1178 1528 1206 in
1544 1181 1652 1208 terram
1667 1188 1765 1215 suam,

985 1225 1068 1253 unde
1083 1227 1156 1260 erat,
1170 1228 1199 1254 et
1209 1225 1329 1262 spiritus
1339 1225 1442 1254 redeat
1452 1225 1491 1254 ad
1502 1227 1604 1262 Deum,
1616 1226 1668 1263 qui
1685 1226 1768 1256 dedit

984 1272 1104 1302 illum.»
1410 1290 1413 1292 -

1020 1321 1061 1348 Ex
1070 1319 1170 1348 verbis
1180 1319 1249 1355 illis,
1259 1327 1326 1356 quae
1335 1319 1438 1348 dieunt
1449 1319 1582 1349 damnati
1596 1320 1626 1349 in
1637 1320 1765 1358 inferno,

985 1366 1182 1395 ostenduntur
1195 1369 1255 1395 tam
1273 1367 1355 1401 boni,
1373 1375 1465 1404 quam
1480 1367 1551 1396 mali
1566 1368 1666 1396 vivere
1681 1368 1712 1396 in
1723 1368 1767 1397 fu-

984 1415 1052 1442 turo
1067 1414 1186 1442 smculo.
1207 1414 1284 1450 Sap„
1310 1422 1339 1449 v,
1360 1416 1394 1443 ¹4
1415 1423 1422 1442 ε
1443 1425 1456 1441 (ι
1471 1414 1552 1443 Talia
1577 1414 1717 1444 dixerunt
1735 1415 1766 1443 in

984 1460 1100 1489 interno
1117 1461 1148 1496 ii,
1158 1461 1210 1498 qui
1224 1464 1434 1497 peccaverunt,
1449 1472 1462 1488 »
1477 1464 1530 1490 etc.

1021 1510 1060 1536 De
1081 1508 1360 1537 Nabuchodonosor
1383 1517 1452 1545 rege
1473 1509 1634 1546 Babylonis
1659 1509 1766 1539 dieitur

984 1556 1150 1584 secundum
1175 1555 1332 1584 litteralem
1355 1564 1474 1584 sensum
1500 1557 1591 1592 illud,
1606 1558 1674 1592 Iso„
1690 1565 1741 1586 xxv
1757 1567 1764 1586 ε

987 1613 1001 1629 α
1016 1605 1056 1631 Ex
1071 1611 1132 1639 quo
1156 1603 1311 1638 dormisti,
1327 1614 1341 1628 ν)
1359 1603 1388 1631 in
1404 1606 1504 1632 monte
1523 1604 1634 1632 seilicet
1645 1625 1653 1638 ,
1676 1615 1690 1630 «
1704 1612 1766 1634 non

984 1650 1124 1678 ascendet
1140 1651 1176 1686 (tn)
1192 1651 1242 1686 qui
1258 1651 1391 1678 succidat
1405 1659 1470 1679 nos.
1483 1661 1496 1676 ι»
1511 1652 1649 1687 Sequitur
1663 1661 1670 1680 :
1684 1661 1699 1680 ι
1713 1653 1765 1680 De-

984 1700 1075 1725 tracta
1090 1700 1133 1725 est
1147 1697 1186 1725 ad
1197 1698 1306 1725 interos
1317 1698 1458 1734 superbia
1469 1700 1528 1726 tua.
1540 1708 1553 1724 ι»
1571 1700 1602 1725 Et
1611 1698 1696 1734 plura
1711 1706 1765 1734 po-

984 1747 1095 1772 nuntur
1110 1744 1150 1771 ibi
1167 1747 1280 1780 postea,
1291 1752 1343 1780 per
1359 1752 1426 1779 qum
1442 1746 1520 1780 patet
1536 1744 1621 1772 illum
1637 1753 1697 1773 non
1713 1753 1765 1781 pe—

984 1791 1062 1818 nitus
1077 1790 1231 1826 interiisse,
1248 1790 1300 1818 sed
1316 1790 1354 1818 ad
1371 1790 1519 1818 infernum
1534 1791 1564 1819 in
1580 1791 1680 1820 anima
1695 1790 1764 1820 des-

984 1837 1128 1866 eeudisse.

1021 1886 1094 1912 Dum
1110 1883 1285 1912 suaderetur
1299 1883 1452 1919 Eleazaro,
1467 1886 1500 1912 ut
1515 1884 1668 1913 simularet
1682 1892 1713 1914 se
1729 1885 1766 1914 de

984 1931 1125 1959 carnibus
1150 1931 1286 1959 sacrificii
1307 1931 1488 1967 comedisse,
1504 1931 1578 1959 dixit
1595 1941 1601 1959 :
1621 1941 1635 1958 (ι
1650 1933 1681 1960 Et
1695 1932 1719 1960 si
1735 1932 1766 1961 in

983 1978 1119 2015 praesenti
1134 1981 1266 2014 tempore
1282 1986 1300 2006 a
1310 1978 1463 2014 suppliciis
1473 1978 1631 2007 hominum
1645 1979 1764 2015 eripiar,

984 2025 1038 2054 sed
1054 2033 1178 2054 manum
1192 2025 1408 2062 omnipotentis
1423 2033 1521 2062 neque
1536 2025 1651 2061 vivens,
1667 2034 1766 2063 neque

985 2073 1140 2101 defunctus
1156 2072 1307 2108 effugiam.
1324 2084 1337 2098 n
1357 2073 1377 2101 ll
1393 2073 1496 2105 Maca..
1512 2081 1552 2107 Vl,
1571 2074 1616 2102 26.

1019 2121 1098 2148 Unus
1113 2119 1235 2148 illorum
1249 2122 1363 2156 septem
1377 2120 1500 2148 fratrum
1515 2120 1605 2148 dixit:
1625 2129 1639 2146 «
1654 2121 1674 2149 E
1687 2121 1763 2150 coelo

983 2167 1038 2196 ista
1051 2166 1208 2203 possideo,
1229 2166 1281 2195 sed
1295 2168 1418 2203 propter
1440 2168 1488 2194 Dei
1514 2167 1595 2203 leges
1615 2167 1679 2196 haec
1701 2168 1765 2204 ipsa

984 2213 1132 2251 despicio,
1153 2214 1298 2250 quoniam
1318 2213 1358 2242 ab
1377 2213 1443 2250 ipso
1463 2222 1511 2242 me
1527 2222 1562 2242 ea
1576 2217 1764 2251 recepturum

984 2269 1081 2298 spero.
1097 2271 1111 2288 »
1131 2260 1269 2289 Similiter
1283 2268 1319 2289 ex
1338 2260 1437 2289 verbis
1459 2261 1578 2296 matris,
1595 2264 1623 2290 et
1638 2262 1764 2290 aliorum

983 2308 1108 2343 planum
1129 2310 1180 2342 est,
1197 2307 1279 2344 quod
1295 2310 1439 2343 quantum
1455 2307 1494 2335 ad
1510 2308 1642 2337 animam
1657 2316 1717 2337 non
1733 2316 1763 2336 se

983 2355 1079 2391 perire
1096 2354 1267 2383 credebant.
1290 2355 1311 2383 ll
1326 2355 1427 2387 Maon„
1444 2363 1496 2390 vn,
1513 2357 1543 2384 11
1564 2357 1592 2383 et
1613 2355 1761 2391 deinceps.

1020 2402 1122 2430 Razias
1132 2402 1306 2437 complexus
1316 2401 1452 2430 intestina
1462 2410 1525 2435 sua,
1538 2402 1661 2438 projecit
1671 2402 1704 2438 (c)
1717 2410 1764 2429 su-

983 2457 1036 2486 per
1047 2449 1159 2483 turbas,
1171 2449 1312 2476 invocans
1324 2448 1543 2477 nominatorem
1556 2449 1623 2477 vitae
1636 2452 1663 2476 et
1678 2449 1762 2485 spiri-

984 2498 1040 2531 tus,
1050 2495 1152 2524 uthoec
1166 2495 1209 2524 illi
1225 2495 1330 2524 iterum
1341 2495 1488 2524 redderet.
1498 2497 1518 2524 ll
1529 2496 1628 2529 Maeli„
1643 2504 1704 2530 xiv,
1717 2496 1762 2525 46.

1020 2544 1140 2571 Monens
1155 2544 1183 2570 et
1197 2542 1334 2571 muniens
1357 2543 1518 2580 discipulos
1533 2551 1608 2579 quos
1630 2544 1765 2572 mittebat

983 2589 1128 2625 Salvator,
1143 2589 1192 2625 ait,
1206 2590 1322 2626 Matth„
1336 2598 1366 2626 x,
1379 2592 1413 2619 28
1428 2599 1435 2618 ε
1451 2590 1566 2618 «Nolite
1581 2590 1683 2619 timere
1699 2598 1760 2626 θος,

1015 2659 1048 2690 (ιι)
1066 2659 1127 2683 Caet.
1144 2658 1204 2683 edit.
1220 2659 1398 2685 Ecclesiaseici.
1415 2673 1445 2678 -
1460 2659 1495 2691 (ὁ)
1512 2660 1574 2684 Item
1590 2659 1716 2685 ascendit.
1732 2671 1762 2677 —

985 2695 1018 2725 (c)
1035 2695 1095 2720 Caet.
1111 2695 1171 2720 edil.
1185 2694 1246 2719 add.
1262 2703 1299 2720 se.
