2004 3037
641 166 693 201 ως
711 163 879 199 NATURA
897 161 975 195 nm.
998 159 1085 193 ω).
1107 133 1234 191 ωιιζ
1703 153 1744 183 ss

132 243 221 274 tionis
239 241 426 272 eorumdem.
443 238 524 268 Unde
537 238 609 266 nota
621 233 706 273 quod
719 233 752 262 in
763 231 909 269 reproba-

131 292 213 322 tione
231 289 290 319 tria
305 289 374 318 sunt
388 297 396 316 z
419 293 515 316 unum
531 284 576 313 est
591 280 729 320 praevisio
746 277 911 315 iniquitatis

132 338 172 368 ab
185 339 313 372 εἰει-ηας
328 334 456 364 alterum
468 329 644 364 obduratio,
659 327 692 356 id
705 328 763 362 est,
777 325 910 354 subtrac-

132 385 174 414 tio
188 383 290 422 gratioe
307 382 339 412 in
357 377 508 419 present-h
527 376 646 406 tertium
667 375 711 403 est
732 371 910 410 praeparatio

132 439 229 470 poenae
241 432 356 460 eternae
365 427 397 457 in
406 426 516 456 tuturo.
527 423 556 453 Si
566 430 637 458 ergo
650 419 802 458 quaeritur,
811 419 912 446 utrum

133 476 304 516 reprobatio
326 474 436 505 habeat
456 478 579 501 causam
600 476 638 497 ex
660 468 743 505 parte
763 464 910 500 hominis,

71 526 76 532 '
135 526 281 564 quantum
293 521 334 552 ad
344 520 476 559 primum
489 517 629 546 meritum
647 513 777 542 hominis
793 519 855 540 non
870 512 914 539 est

135 579 239 606 causa‚·
255 567 358 607 quoad
370 565 548 599 secundum,
563 569 653 592 causa
666 562 708 590 est
721 557 873 588 meritoria
886 559 914 585 et

136 618 287 653 effectiva3
305 613 409 652 quoad
423 612 558 646 tertium,
573 616 664 638 causa
682 609 726 636 est
748 605 913 640 meritoria,

135 665 191 696 sed
201 672 265 694 non
284 661 428 692 effectiva.
447 661 469 688 E
491 659 594 687 contra
611 656 642 685 in
655 652 913 693 praedestinatione

136 714 206 742 sunt
216 711 272 740 tria
291 707 439 738 contraria
449 715 458 742 3
474 705 528 734 sed
547 704 579 733 in
596 703 654 732 hoc
673 704 717 730 est
737 698 913 734 differentia,

137 759 210 797 quia
221 754 442 795 praedestinatio
451 752 598 790 praeparat
607 749 736 786 gloriam
749 746 916 776 secundum

137 803 371 842 heneplacitum,
386 800 438 829 sed
449 797 622 835 reprobatio
636 796 783 833 praeparat
794 801 916 831 poenam

139 851 305 881 secundum
325 847 505 884 exigentiam
526 844 710 873 meritorum.
729 843 768 870 De
789 840 916 869 obdura-

139 899 220 928 tione
240 895 396 926 sciendum
418 895 476 928 est,
499 891 583 928 quod
605 889 772 919 translative
799 887 916 921 dicitur,

140 944 308 975 secundum
319 939 546 971 similitudinem
558 935 804 966 obdurationisin
815 941 918 970 corpo-

140 991 234 1021 ribus.
251 989 393 1019 Duritiam
411 988 511 1015 autem
531 987 692 1020 corporum
714 981 846 1018 sequitur
868 980 919 1008 tri-

140 1038 211 1075 plex
237 1035 402 1074 proprietas
419 1042 426 1061 :
455 1031 588 1069 primum
614 1031 657 1057 est
683 1027 855 1056 inhabilitas
880 1027 919 1054 ad

142 1081 365 1120 suscipiendum
396 1078 622 1116 impressionem
635 1086 642 1111 ;
675 1075 841 1104 secundum
878 1075 921 1101 est

142 1130 286 1160 stabilitas
305 1129 345 1157 ad
368 1124 606 1164 permanendum
626 1123 658 1150 in
680 1130 730 1157 se3
747 1121 865 1149 tertium
879 1123 923 1149 est

142 1177 286 1207 fortitudo
300 1175 340 1204 ad
353 1172 560 1211 resistendum.
577 1171 625 1199 llis
637 1169 737 1198 modis
751 1169 858 1196 dicitur
870 1175 922 1196 cor

145 1223 289 1255 obdurari
308 1220 460 1258 tripliciter
477 1229 483 1247 :
500 1226 561 1246 uno
579 1217 692 1251 modo,
715 1223 769 1252 per
783 1214 923 1243 inhabili-

144 1274 234 1301 tatem
247 1270 288 1299 ad
306 1266 526 1304 suscipiendam
541 1264 666 1300 gratiam
672 1273 681 1299 3
706 1261 852 1296 secundo,
870 1269 924 1297 per

144 1319 264 1348 firmam
277 1314 478 1344 adhaesionem
491 1312 531 1341 ad
540 1313 695 1348 peccatum
702 1319 710 1346 3
722 1309 807 1337 tertio
817 1307 923 1343 modo,

144 1374 199 1403 per
220 1362 417 1393 rebellionem
444 1359 614 1388 divinarum
641 1356 870 1393 inspirationum
897 1357 925 1382 et

146 1411 358 1441 mandatorum
371 1407 431 1437 Dei.
447 1406 529 1434 Unde
544 1403 739 1442 quaerendum
752 1405 811 1437 est,
826 1404 926 1430 utrum

145 1457 273 1496 praesciti
288 1465 307 1485 a
322 1458 381 1484 Deo
395 1454 509 1491 possint
522 1451 678 1485 demereri,
693 1453 721 1478 et
735 1458 750 1478 e
766 1448 924 1478 contrario.

147 1505 192 1535 Ad
210 1504 294 1542 quod
315 1501 491 1534 dicendum,
506 1498 590 1536 quod
608 1497 728 1526 scientia
743 1496 793 1524 Dei
809 1503 927 1531 compa-

146 1554 228 1581 ratur
254 1550 294 1579 ad
316 1558 364 1578 res
382 1549 508 1582 creatas,
534 1546 608 1573 sicut
627 1553 674 1572 ars
694 1543 733 1572 ad
754 1542 925 1571 artificiata:

148 1599 229 1627 unde
244 1597 319 1625 sicut
332 1604 380 1624 ars
394 1602 457 1623 non
471 1593 569 1622 solum
583 1594 626 1620 est
643 1590 860 1627 cognoscitiva,
875 1588 928 1616 sed

150 1646 238 1675 etiam
247 1644 354 1672 factiva
365 1649 469 1670 eorum
480 1649 547 1677 quae
559 1638 725 1667 secundum
736 1639 829 1666 artem
838 1637 926 1672 fiunt3

151 1699 256 1721 eorum
275 1698 346 1718 vero
369 1688 478 1725 quibus
502 1687 540 1715 ab
563 1686 632 1714 artis
652 1684 764 1720 regulis
782 1683 928 1723 deviatur,

151 1741 194 1768 est
213 1736 415 1774 cognoscitiva
435 1736 548 1763 tantum
564 1742 571 1761 ε
592 1733 631 1760 ita
647 1734 675 1760 et
689 1731 810 1760 scientia
824 1731 874 1758 Dei
889 1733 931 1758 est

153 1784 353 1822 cognoscitiva
369 1784 397 1811 et
410 1781 519 1810 factiva
533 1780 670 1808 omnium
683 1779 852 1814 bonorum,
869 1786 931 1806 ma-

152 1831 251 1860 lorum
269 1831 368 1857 autem
381 1835 443 1855 non
457 1836 465 1862 ;
481 1827 542 1853 sive
556 1827 766 1861 peccatorum,
783 1832 850 1860 quae
865 1825 931 1851 sunt

154 1877 337 1906 deviationes
365 1874 503 1911 quaedam
530 1872 569 1900 ab
594 1874 703 1900 aeterna
730 1871 796 1906 lege
820 1871 931 1907 ipsius,

154 1924 274 1953 scientia
287 1922 336 1951 Dei
351 1923 393 1949 est
405 1919 607 1956 cognoscitiva
616 1921 741 1952 tantum,
756 1926 819 1945 non
833 1919 931 1945 autem

155 1970 312 2000 causativa.
333 1971 367 1997 Et
381 1969 421 1996 sic
434 1969 515 2004 patet
529 1966 613 2003 quod
626 1965 716 2000 honi,
731 1965 783 2001 qui
797 1973 850 2001 per
866 1972 932 1999 gra-

155 2018 227 2046 tiam
246 2016 457 2053 justfficantur,
478 2023 539 2042 non
558 2014 656 2042 solum
675 2015 743 2040 sunt
761 2012 798 2040 ab
823 2014 931 2039 aeterno

155 2064 265 2101 cogniti
279 2071 297 2092 a
311 2065 387 2096 Deo,
402 2061 455 2090 sed
469 2061 557 2089 etiam
570 2060 609 2088 ad
624 2060 749 2095 gratiam
762 2058 934 2086 habendam

157 2111 255 2146 electi;
266 2111 435 2147 peccatores
449 2110 548 2136 autem
562 2114 658 2142 neque
671 2105 867 2140 justificantur
881 2113 934 2140 per

157 2158 296 2195 gratiam,
311 2164 366 2184 neo
379 2157 446 2183 sunt
461 2154 559 2188 electi,
575 2153 622 2181 vel
637 2151 828 2189 praeordinati
843 2159 860 2178 a
875 2152 934 2178 Deo

158 2206 198 2234 ad
214 2205 348 2241 culpam,
363 2202 416 2231 sed
429 2201 528 2230 solum
541 2199 680 2237 praesciti,
697 2198 780 2234 quod
794 2205 855 2225 non
868 2199 936 2224 sunt

159 2252 284 2289 gratiam
300 2249 447 2282 habituri,
459 2247 512 2275 sed
533 2255 593 2275 suae
609 2248 720 2274 naturae
735 2243 934 2280 relinquendi.

159 2299 234 2333 Quia
246 2305 309 2326 non
324 2303 411 2325 omne
426 2302 517 2330 agens
530 2295 626 2330 potest
635 2292 677 2326 id,
696 2291 779 2328 quod
792 2293 833 2318 est
847 2298 937 2326 supra

158 2355 200 2380 se,
211 2346 317 2373 natura
330 2343 387 2371 sibi
399 2342 501 2370 relicta
510 2349 571 2369 non
584 2341 679 2376 potest
693 2339 725 2366 in
737 2340 836 2366 actum
850 2337 937 2364 meri-

159 2393 280 2426 torium,
296 2391 348 2427 qui
360 2391 402 2418 est
416 2396 505 2425 supra
521 2387 690 2416 facultatem
704 2388 829 2418 naturae3
842 2385 938 2420 potest

160 2441 259 2468 autem
273 2438 305 2465 in
321 2439 420 2465 actum
438 2434 566 2471 peccati,
588 2433 640 2469 qui
659 2434 701 2460 est
720 2431 938 2464 demeritorius,

161 2486 236 2514 sicut
257 2487 285 2513 et
312 2484 343 2511 in
367 2481 481 2519 aliquid
507 2480 584 2508 infra
610 2482 748 2507 naturam
775 2479 938 2506 humanam

163 2532 288 2560 existens
303 2530 414 2558 :homo
429 2529 509 2556 enim
522 2527 676 2564 peccando
695 2525 848 2554 descendit
862 2533 879 2552 a
895 2524 938 2551 di-

164 2578 272 2615 gnitate
286 2585 346 2605 suae
359 2578 488 2604 naturae:
510 2576 538 2602 et
551 2574 591 2601 sic
606 2575 701 2609 patet,
717 2573 800 2609 quod
814 2571 939 2609 praesciti

164 2626 287 2662 possunt
300 2622 446 2653 demereri
454 2621 579 2656 facilius,
595 2628 687 2656 quam
701 2619 817 2648 mereri.

1155 271 1181 306 C
1190 270 1256 306 ΑΡ
1266 269 1296 305 U
1307 269 1335 304 T
1371 269 1405 303 X
1414 268 1488 303 XX
1497 268 1513 302 1
1522 267 1550 302 1.

1217 343 1256 371 De
1271 342 1418 370 Veluniate
1431 341 1491 368 Dei.

1003 408 1142 442 Voluntas
1149 412 1199 441 Dei
1206 411 1318 449 duplex
1327 412 1380 445 est,
1389 409 1502 438 scilicet
1512 410 1538 438 1.
1548 407 1727 445 beneplaciti
1737 415 1746 435 z

967 462 995 490 et
1008 461 1070 490 haec
1084 462 1128 489 est
1144 459 1273 496 duplex:
1290 457 1484 491 antecedens,
1505 463 1572 492 quae
1589 462 1666 492 saepe
1685 461 1748 483 non

967 508 1117 546 expletum
1145 509 1175 535 ct
1194 513 1398 542 consequens,
1416 504 1490 532 haec
1516 510 1674 540 nunquam
1698 510 1748 530 re-

968 557 1069 585 manet
1090 553 1250 591 inexpleta.
1265 555 1293 580 2.
1308 552 1373 581 Alia
1393 553 1437 579 est
1460 550 1599 578 voluntas
1613 549 1705 585 signi,
1720 550 1750 577 et

968 603 1031 631 haec
1045 601 1230 639 quandoque
1249 600 1383 628 remanet
1396 597 1554 635 inexpleta.
1575 593 1750 631 liujusmodi

969 649 1045 678 ratio
1059 651 1116 684 est,
1132 647 1204 685 quia
1217 646 1355 675 voluntas
1375 644 1426 673 Dei
1441 645 1540 680 potest
1552 642 1631 671 sumi
1651 641 1751 678 dupli-

971 697 1042 725 citer
1057 705 1064 724 :
1080 695 1129 723 vel
1142 693 1275 731 proprie,
1291 693 1333 721 sic
1347 691 1491 728 accipitur
1503 689 1643 718 voluntas
1656 689 1750 717 bene-

969 743 1071 781 placiti
1078 752 1087 778 ;
1098 742 1148 770 vel
1155 739 1366 777 metaphorice,
1376 738 1453 767 etsie
1463 737 1605 774 accipitur
1611 735 1752 764 voluntas

971 789 1057 826 signi.
1078 789 1176 817 Primo
1195 787 1288 816 modo
1309 786 1418 814 dicitur
1435 786 1512 812 Deus
1530 782 1643 819 aliquid
1656 781 1752 815 velle,

973 840 1000 865 ct
1014 837 1072 865 hoo
1086 835 1163 863 velle
1178 835 1241 871 ipse
1255 835 1330 861 Deus
1341 834 1393 861 est.
1405 829 1542 860 Secundo
1555 828 1649 858 modo
1662 828 1754 856 meta·

971 883 1093 920 phorice
1119 884 1161 910 est
1181 881 1220 909 ad
1239 880 1366 908 modum
1387 877 1514 906 volentis
1534 884 1566 904 se
1588 875 1711 909 habere,
1726 875 1755 902 et

973 931 1031 959 hoc
1044 929 1120 957 velle
1135 936 1197 956 non
1217 930 1258 955 est
1277 928 1363 955 Deus.
1382 926 1447 952 llaec
1467 923 1557 959 igitur
1572 921 1679 950 divisio
1692 928 1755 949 non

974 977 1034 1011 rei,
1048 976 1102 1004 sed
1118 975 1201 1003 vocis
1216 976 1273 1009 est,
1289 973 1364 1001 sicut
1383 972 1428 999 ira
1441 972 1537 1008 potest
1551 969 1611 998 dici
1624 968 1672 996 vel
1685 974 1755 1004 pro-

974 1024 1038 1060 prie
1057 1024 1156 1051 motus
1177 1021 1237 1055 irae,
1254 1020 1304 1048 vel
1326 1017 1529 1054 metaphorice
1551 1016 1672 1052 signum
1694 1015 1754 1043 irae.

976 1071 1117 1099 Voluntas
1135 1067 1313 1105 beneplaciti
1333 1066 1383 1094 Dei
1397 1072 1584 1101 consequens
1603 1064 1646 1091 est
1665 1064 1755 1098 recta,

977 1120 1005 1146 et
1026 1117 1146 1150 efficax,
1169 1118 1196 1143 et
1211 1112 1501 1151 irreprehensibilis:
1521 1110 1602 1139 unde
1623 1109 1695 1146 quia
1715 1110 1759 1137 est

975 1166 1070 1198 recta,
1092 1162 1193 1190 nullus
1215 1163 1258 1189 est
1277 1162 1390 1195 rectus,
1409 1158 1467 1186 nisi
1488 1157 1691 1186 conformetur
1710 1155 1756 1190 εἰς

977 1212 1047 1240 item
1075 1210 1147 1246 quia
1175 1210 1218 1236 est
1242 1207 1367 1241 efficax,
1390 1205 1466 1234 nihil
1493 1204 1557 1232 sine
1584 1203 1637 1232 illa
1663 1202 1760 1239 potest

979 1257 1056 1285 effici
1067 1278 1075 1292 ,
1096 1255 1171 1283 nihil
1185 1256 1288 1282 contra
1301 1253 1385 1280 illam
1398 1253 1496 1288 potest
1519 1250 1584 1278 fieri
1594 1270 1604 1284 ‚
1622 1257 1677 1286 per
1690 1248 1759 1276 nul-

979 1304 1043 1332 lum
1069 1304 1166 1340 potest
1191 1300 1354 1337 impediri3
1378 1299 1450 1327 item
1475 1297 1547 1334 quia
1575 1296 1762 1332 irreprehen-

980 1350 1074 1379 sibilis
1101 1352 1154 1383 est,
1178 1348 1253 1376 nihil
1280 1346 1423 1383 praecipit,
1448 1346 1499 1372 aut
1524 1343 1682 1380 permittit,
1706 1342 1764 1370 nisi

978 1398 1075 1434 juste;
1098 1396 1142 1424 nil
1170 1396 1247 1430 agit,
1263 1396 1314 1422 aut
1329 1391 1467 1427 consulit,
1492 1391 1549 1419 nisi
1562 1391 1650 1418 bene.
1675 1389 1766 1425 Signa

981 1443 1159 1480 beneplaciti
1183 1444 1250 1469 sunt
1273 1441 1426 1477 quinque,
1451 1438 1561 1466 scilicet
1582 1436 1764 1473 praeceptio,

982 1490 1156 1527 prohibitio,
1173 1488 1347 1521 consilium,
1373 1485 1549 1522 permissio,
1564 1486 1592 1512 et
1607 1482 1740 1520 operatio
1755 1492 1762 1510 z

984 1545 1114 1574 quorum
1140 1543 1282 1564 numerus
1311 1535 1352 1562 sic
1377 1533 1529 1569 accipitur.
1554 1531 1696 1558 Voluntas
1720 1529 1765 1557 di-

983 1585 1064 1619 vina,
1088 1583 1209 1620 proprie
1237 1581 1392 1618 loquendo
1403 1601 1413 1614 ,
1429 1582 1479 1607 aut
1500 1577 1701 1615 praesentium,
1715 1578 1767 1604 aut

984 1631 1153 1659 futurorum
1176 1631 1242 1658 est:
1273 1629 1296 1655 si
1315 1629 1450 1664 respectu
1477 1624 1688 1661 praesentium,
1717 1631 1757 1651 au

985 1678 1017 1706 id
1031 1679 1075 1705 est
1095 1678 1225 1711 bonum,
1240 1677 1268 1703 et
1292 1675 1333 1702 sic
1350 1676 1393 1702 est
1407 1673 1541 1709 impletio
1548 1682 1556 1707 3
1573 1672 1625 1699 aut
1637 1669 1764 1704 malum,

986 1727 1014 1753 et
1036 1725 1077 1752 sic
1106 1725 1149 1752 est
1174 1721 1342 1759 permissio.
1369 1721 1398 1748 Si
1421 1721 1558 1756 respectu
1582 1718 1767 1750 futurorum,

986 1772 1027 1799 sic
1043 1772 1085 1799 est
1103 1769 1226 1807 triplex:
1247 1770 1298 1796 aut
1316 1770 1358 1796 est
1376 1767 1506 1801 malum,
1521 1768 1549 1794 et
1573 1764 1614 1792 sic
1638 1766 1680 1791 est
1699 1770 1769 1799 pro-

986 1818 1109 1852 hibitio3
1139 1819 1189 1845 aut
1215 1817 1332 1844 bonum
1360 1813 1576 1847 necessarium,
1606 1813 1634 1839 et
1657 1811 1698 1839 sic
1728 1812 1770 1838 est

986 1864 1159 1901 praeeeptio3
1177 1866 1227 1891 aut
1240 1863 1357 1890 honum
1378 1859 1667 1897 supererogationis,
1686 1859 1714 1886 et
1727 1857 1769 1885 sic

988 1915 1031 1941 est
1050 1912 1216 1940 consilium.
1237 1912 1344 1939 Contra
1360 1910 1415 1938 tria
1434 1908 1532 1945 prima
1545 1909 1642 1944 potest
1655 1905 1771 1942 aliquid

988 1960 1063 1994 fieri,
1079 1958 1149 1995 quia
1166 1966 1196 1986 se
1211 1958 1324 1985 hahent
1337 1959 1369 1984 ut
1382 1956 1414 1984 in
1427 1955 1507 1989 fieri;
1523 1954 1576 1982 sed
1591 1956 1695 1982 contra
1709 1953 1770 1980 duo

988 2007 1108 2041 ultima,
1128 2005 1237 2032 scilicet
1252 2003 1481 2040 permissionem
1496 2004 1523 2029 et
1548 2000 1753 2037 operationem
1760 2021 1769 2035 ‚

989 2053 1062 2081 nihil
1083 2054 1179 2088 potest
1197 2051 1278 2084 fieri,
1304 2050 1375 2086 quia
1399 2057 1430 2076 se
1453 2048 1566 2076 habent
1586 2049 1618 2075 ut
1640 2047 1671 2074 in
1693 2046 1771 2074 facto

991 2108 1063 2133 esse,
1079 2101 1106 2126 et
1126 2098 1209 2134 quod
1228 2097 1339 2124 factum
1355 2099 1407 2129 est,
1422 2103 1484 2123 non
1502 2096 1598 2131 potest
1615 2101 1677 2121 non
1695 2092 1771 2120 fieri.

991 2148 1029 2173 Dc
1044 2145 1089 2172 his
1104 2144 1194 2179 signis
1215 2146 1295 2178 nota,
1313 2143 1398 2179 quod
1411 2144 1595 2178 praeceptum
1610 2140 1681 2168 dicit
1695 2139 1773 2167 obli-

991 2193 1142 2229 gationem
1170 2191 1210 2219 ad
1242 2190 1413 2218 faciendum
1443 2189 1576 2223 bonum3
1609 2186 1772 2224 prohibitio

992 2240 1061 2267 dicit
1077 2238 1293 2274 obligationem
1307 2237 1347 2264 ad
1368 2236 1525 2264 vitandum
1547 2234 1684 2269 malum;
1701 2242 1773 2261 con-

993 2287 1090 2314 silium
1103 2286 1173 2314 dicit
1193 2284 1369 2318 doctrinam,
1380 2291 1434 2319 per
1449 2290 1542 2318 quam
1555 2282 1676 2315 scimuS,
1689 2280 1774 2317 quod

993 2333 1025 2361 id
1042 2332 1125 2369 quod
1139 2332 1315 2366 consulitur,
1331 2331 1355 2358 si
1374 2330 1435 2364 fiat,
1457 2329 1541 2357 affert
1559 2328 1735 2365 praemium3
1750 2327 1774 2354 si

993 2389 1055 2409 non
1069 2380 1130 2414 fiat,
1144 2388 1205 2408 non
1227 2379 1310 2407 affert
1328 2378 1515 2415 supplicium.
1534 2376 1687 2404 Permissio
1704 2376 1775 2403 dicit

993 2428 1190 2465 privat10nem
1205 2425 1407 2459 cohibitionis,
1425 2426 1452 2452 et
1469 2426 1511 2451 est
1525 2423 1642 2458 signum
1667 2423 1775 2450 divinae

993 2474 1165 2507 voluntatis,
1180 2481 1242 2501 non
1252 2474 1387 2508 respectu
1401 2471 1474 2499 mali
1489 2470 1571 2507 quod
1586 2469 1782 2505 permittitur,

995 2522 1047 2550 sed
1060 2523 1195 2557 respectu
1204 2520 1277 2547 boni
1287 2519 1371 2555 quod
1388 2527 1426 2547 ex
1435 2518 1516 2546 malo
1531 2517 1675 2553 permisso
1698 2515 1775 2543 elici-

996 2572 1053 2597 tur.
1068 2569 1132 2596 Non
1147 2567 1227 2595 enim
1241 2566 1383 2602 permittit
1406 2567 1480 2593 Deus
1493 2564 1607 2592 malum
1620 2562 1702 2597 fieri,
1718 2562 1775 2590 nisi

1000 2624 1036 2644 ex
1052 2623 1087 2644 eo
1106 2613 1230 2650 aliquod
1243 2613 1359 2642 bonum
1375 2612 1490 2646 eliciat,
1511 2612 1543 2639 ut
1565 2611 1646 2647 patet
1659 2609 1691 2638 in
1711 2610 1775 2637 ten-
