2004 3037
220 323 261 354 68
563 317 825 352 COMPENDmM
843 312 1106 349 THEOLOGIGAE
1125 313 1350 347 VERITA'rls.
1374 313 1449 347 [ΑΒ.
1473 317 1498 346 1.

219 395 291 417 nem
305 387 366 416 Dei.
378 387 432 416 Vel
445 386 532 416 datus
551 388 594 416 est
611 387 643 415 in
660 388 752 422 terra,
773 384 814 415 ad
834 383 1000 414 relaxanda

219 436 341 472 peccata
363 433 493 463 aliorum
502 443 511 470 3
525 434 695 463 loannes⁴t
712 433 873 468 insufflavit
889 433 922 460 in
939 438 999 464 eos,

219 485 246 510 et
261 482 338 510 dixit
348 490 358 509 .·
373 481 499 518 Accipite
508 482 645 518 Spiritum
658 483 796 514 sanctum,
807 487 933 516 quorum,
942 479 999 506 etc.

219 529 308 557 Datus
321 529 366 557 est
385 527 424 556 de
447 527 523 557 coelo
546 528 578 556 in
596 529 765 556 Pentecoste
785 526 826 555 ad
846 526 958 560 robur,
973 526 1002 553 et

219 575 260 603 ad
274 575 480 612 operationem
502 574 718 604 miraculorum
738 583 746 602 t
762 573 800 602 de
818 573 865 601 his
880 571 1001 601 duobus

219 622 372 651 Psalmista
389 622 400 638 ²
422 630 430 649 ε
459 623 543 650 Verbo
568 623 679 650 Domini
710 622 769 650 cccli
795 621 899 656 firmati
925 621 999 650 sune,

219 669 323 706 quoad
336 669 469 706 primum
480 679 488 705 ;
499 671 526 697 et
539 671 645 705 spiritu
663 671 719 697 oris
734 668 792 704 eJ'us
806 669 892 696 omnis
912 668 1001 695 uirtus

219 725 309 745 eorum
324 737 334 752 ,
357 715 460 753 quoad
483 716 659 744 secundum.
682 715 777 744 Tertia
804 715 859 743 fuit
878 713 1000 742 collatio

219 763 342 800 Spiritus
357 763 450 791 saneti
466 763 609 800 apostolis
625 762 702 791 facta
721 764 789 791 ante
809 761 980 799 passionem
991 781 1000 796 ‚

219 810 343 847 quando
357 810 477 838 suerunt
490 810 630 847 baptizati
647 819 654 838 z
671 817 777 838 eorum
792 809 873 837 enim
888 807 1000 844 baptis-

218 865 287 886 mus
310 857 442 886 innuitur
461 857 503 886 ibi
518 858 529 875 ⁸
547 866 553 885 z
571 858 626 891 Qui
647 858 717 885 lotus
739 859 795 891 est,
817 864 871 883 non
894 854 1001 890 indiget

219 907 275 933 nisi
296 908 328 932 ut
354 905 436 941 pedes
464 905 545 932 lavet.
577 906 609 933 ln
639 904 759 940 signum
789 902 1001 940 praedictorum

218 951 309 980 trium
322 973 332 987 ‚
354 954 397 980 ter
419 951 573 988 inungitur
594 951 687 980 homo
710 949 751 978 ad
772 948 1001 986 significandam

218 997 296 1027 hane
326 998 472 1035 triplicem
501 998 625 1034 Spiritus
653 997 746 1025 sancti
775 996 979 1024 inunctionem
991 1016 1000 1030 ,

219 1045 328 1074 scilicet
347 1045 379 1073 in
400 1045 549 1082 baptismo
564 1066 573 1080 ‚
598 1045 629 1072 in
652 1043 900 1077 confirmatione,
922 1044 950 1070 et
970 1041 1001 1069 in

219 1094 324 1120 morte.
615 1104 619 1108 <

254 1139 487 1175 Quadruplicem
508 1138 645 1166 effectum
666 1137 816 1166 consecuti
839 1138 907 1164 sunt
927 1143 1000 1171 apo-

219 1186 285 1214 stoli
301 1194 336 1214 ex
356 1186 512 1222 proesentia
533 1185 656 1221 Spiritus
678 1185 769 1212 sancti
787 1194 792 1212 :
810 1183 923 1220 primo,
940 1181 1001 1210 clo-

219 1233 373 1269 quentiam
399 1233 430 1260 in
455 1232 585 1273 linguis3
609 1231 740 1259 secundo
756 1252 765 1266 ‚
790 1230 949 1258 audaciam
971 1229 1002 1256 in

219 1280 373 1308 tormentis
395 1290 403 1315 ;
433 1279 517 1308 tertio
533 1300 542 1314 ‚
571 1279 734 1307 efficaciam
767 1278 797 1305 in
825 1276 977 1304 miraculis
991 1285 998 1310 3

220 1329 342 1362 quarto,
358 1326 572 1363 protectionem
588 1334 606 1353 a
622 1325 697 1353 vitiis
714 1335 720 1352 :
738 1325 824 1361 quia,
842 1326 909 1360 post
930 1324 1002 1351 Pen-

219 1375 365 1408 tecosten,
379 1381 535 1409 nunqnam
549 1375 749 1409 peccaverunt
761 1371 933 1400 mortaliter.
951 1372 1004 1398 Ac-

220 1420 332 1456 cipiunt
347 1422 375 1448 et
386 1420 478 1448 modo
494 1419 603 1447 utiliter
618 1419 757 1455 Spiritum
771 1421 905 1445 sanctum
917 1426 925 1443 :
937 1425 1003 1452 pec-

220 1470 333 1495 catores
341 1467 475 1503 quidem,
485 1467 523 1494 ad
534 1466 737 1502 purgandnm3
749 1465 779 1493 in
789 1464 920 1493 Matthaeo
930 1462 982 1498 (ο)ι
994 1472 1000 1490 ;

219 1515 282 1549 Ipse
296 1514 448 1549 baptizabit
464 1521 507 1541 tos
519 1512 667 1548 inSpae'ritu
681 1515 772 1539 saneto
782 1534 790 1543 ,
803 1515 828 1539 et
842 1513 912 1545 ique.
932 1512 1002 1538 ltem

219 1561 404 1597 poenitentes,
418 1560 455 1588 ad
469 1559 687 1595 proficiendum
699 1569 706 1593 3
723 1558 854 1586 Psalmus
866 1559 876 1574 ⁵
891 1566 897 1584 ε
915 1557 1004 1592 Spiri-

221 1611 264 1634 tus
279 1611 339 1635 tuus
354 1608 434 1634 bonus
447 1607 557 1633 (tralucet
573 1616 622 1634 mc.
639 1608 709 1634 ltcni
721 1605 855 1641 perfecti.
867 1604 906 1631 ad
919 1611 1003 1632 sane-

221 1654 395 1682 tiiicandum
414 1663 421 1688 ;
447 1653 486 1681 ad
507 1653 674 1680 Corinthios
690 1653 699 1668 ⁰
717 1661 723 1680 :
746 1653 800 1685 Qui
829 1651 905 1678 <ledit
930 1652 1004 1678 nohis

218 1704 319 1736 pignus
333 1701 454 1735 Spiritus
466 1702 564 1727 sancti.
579 1700 649 1727 ltem
663 1700 752 1733 beati,
768 1699 806 1726 ad
822 1698 982 1726 fruendum
995 1708 1001 1731 3

221 1749 354 1776 Psalmus
364 1749 373 1764 ⁷
388 1757 393 1775 z
407 1749 505 1775 Renuit
520 1748 654 1774 corisolnri
669 1748 762 1773 am'ma
777 1753 848 1776 meu,
862 1747 915 1772 etc.
932 1745 1002 1772 item

221 1796 366 1829 tribulati,
384 1795 423 1823 ad
440 1794 678 1823 consolandumss
695 1802 701 1820 ;
716 1794 775 1820 Non
791 1794 933 1827 accepistis
947 1794 1004 1827 spi·-

220 1847 303 1872 ritum
319 1845 460 1871 servitutis
477 1844 574 1869 iterum
592 1844 619 1868 in
637 1843 747 1875 timore,
765 1843 818 1868 etc.
837 1843 905 1867 item
921 1839 1003 1874 igno-

220 1893 333 1924 rantes,
350 1890 388 1917 ad
409 1888 634 1921 instruendum;
654 1887 684 1914 in
709 1889 821 1915 Joanne
844 1887 878 1921 qb)
898 1887 908 1902 Β
926 1895 932 1913 2
953 1888 1003 1913 Pa-

220 1939 338 1966 racletus
370 1940 458 1964 autem
490 1936 611 1971 Spiritus
643 1938 750 1962 sanctus
765 1955 774 1968 ,
801 1942 877 1969 quesn
912 1935 1002 1960 mittet

221 1987 302 2014 Pater
312 2007 320 2020 ,
337 1987 392 2012 etc.

257 2033 320 2066 Quo
337 2034 469 2067 tempore
495 2030 581 2057 datus
603 2029 638 2056 sit
660 2028 782 2064 Spiritus
803 2030 932 2055 sanctus.
958 2029 1004 2055 At-

221 2078 405 2107 tendendum
420 2080 462 2105 est
477 2077 560 2113 quod
576 2077 605 2104 in
621 2076 669 2103 dic
686 2075 952 2112 quinquagesima,
970 2076 1003 2102 ut

223 2127 395 2156 ostendatur
410 2127 513 2153 auctor
528 2132 590 2151 esse
601 2123 781 2151 remissionis
798 2132 803 2150 ;
821 2130 891 2150 nam
907 2129 1004 2149 annus

221 2174 358 2210 jubilmus
373 2172 518 2200 serviebat
534 2170 710 2198 remissioni.
719 2169 803 2197 Venit
813 2169 901 2197 etiam
913 2169 943 2196 in
955 2168 1002 2196 die

225 2219 390 2251 dominica,
407 2220 438 2245 ut
453 2220 528 2245 esset
555 2217 617 2243 dics
641 2215 842 2243 renovationis
854 2237 861 2249 ‚
878 2216 929 2251 qui
950 2215 1003 2242 suit

224 2268 312 2296 etiani
328 2266 493 2293 creationis.
510 2266 597 2291 Datus
612 2272 733 2299 quoqne
749 2263 802 2289 fuit
818 2262 901 2289 tertia
917 2263 1003 2296 hora,

224 2314 295 2351 quia
306 2314 411 2341 dicitur
422 2312 533 2348 primus
546 2311 637 2338 homo
653 2310 727 2337 liora
742 2309 825 2336 tertia
836 2308 1000 2344 perdidisse

225 2361 349 2398 gratiam
367 2369 373 2387 :
397 2358 477 2385 unde
496 2357 676 2385 conveniens
696 2355 763 2389 ruit,
789 2355 872 2390 quod
897 2354 1003 2382 cadem

223 2408 299 2436 hora
313 2405 455 2442 apostolis
471 2404 640 2431 mitteretur.
660 2404 728 2430 ltcm
744 2402 802 2429 alia
817 2402 930 2428 ratione
947 2401 1001 2429 da—

224 2457 270 2482 tus
295 2455 337 2481 est
360 2453 434 2479 liora
456 2451 554 2483 tertia,
584 2449 695 2476 seilicet
718 2450 749 2475 ut
774 2448 1001 2482 ostenderetur,

225 2500 306 2536 quod
324 2499 411 2527 etiam
428 2498 513 2525 nobis
532 2497 606 2524 hora
621 2495 704 2523 tertia
720 2495 808 2522 datur
823 2495 916 2529 gratia
942 2495 1001 2522 Dei.

225 2550 294 2576 Sunt
310 2547 389 2575 enim
403 2549 460 2573 tres
476 2545 555 2572 1101·oe
570 2543 712 2577 morales,
730 2542 839 2569 scilicet
854 2541 1003 2575 contritio,

226 2594 370 2623 confessio
385 2596 412 2621 et
427 2591 594 2620 satisfactio.
607 2591 644 2617 De
660 2590 717 2617 hoc
731 2588 864 2622 nomine,
880 2589 1003 2622 Spiritus

260 2683 264 2695 ¹
278 2682 359 2708 ήκω,
374 2685 416 2708 xx,
432 2680 471 2703 22.
485 2691 515 2696 —-
526 2678 536 2694 ¹
552 2677 619 2701 Psal.
635 2682 719 2706 xxxii,
736 2677 760 2699 fi.
772 2688 804 2693 —
818 2675 829 2691 ³
846 2675 930 2704 Joan„
945 2680 1002 2705 xiii,

228 2721 266 2742 to.
283 2731 314 2736 —-
334 2717 343 2733 ⁵
366 2715 466 2744 itlutllr„
492 2720 535 2740 ιιι,
563 2716 598 2736 Η.
622 2726 652 2730 -
676 2714 685 2729 ⁸
711 2712 775 2735 Psal.
798 2717 883 2741 chu,
913 2713 948 2734 to.
972 2724 1003 2728 —

227 2756 235 2768 ·
253 2754 270 2777 11
288 2753 357 2781 Con,
375 2758 400 2781 1,
418 2752 456 2774 22.
478 2763 508 2767 -
530 2750 536 2762 ⁷
553 2749 619 2773 1‘sal.
640 2753 728 2777 Lxxvi,
745 2749 767 2771 4.
782 2761 813 2765 —
827 2747 837 2763 ⁸
850 2747 928 2775 Rom,
945 2752 1001 2775 vin,

229 2792 265 2813 15.
280 2802 304 2805 -
321 2789 330 2801 ³
343 2789 425 2811 Aona..
444 2791 496 2811 xiv,
512 2787 549 2808 215.
566 2798 586 2801 -
616 2784 720 2812 ⁰Jouu.‚
735 2789 778 2810 ιιι,
794 2784 816 2806 8.
836 2794 864 2799 -
882 2783 897 2797 '¹
917 2782 1002 2810 Dion„

1055 384 1177 416 sanctus,
1192 382 1348 412 sciendum
1356 384 1409 418 est,
1424 381 1509 420 quod
1523 384 1620 420 potest
1634 390 1698 411 esse
1712 383 1836 414 circum—

1055 428 1168 458 locutio
1181 429 1271 458 unius
1283 429 1398 466 proprii
1412 429 1557 464 nominis,
1572 432 1602 458 et
1613 431 1684 458 tunc
1697 430 1838 461 convenit

1055 478 1170 505 tantum
1183 484 1320 514 personae
1333 476 1424 505 tertiae
1437 476 1469 504 in
1482 476 1633 512 Trinitate;
1649 477 1699 505 vel
1711 479 1838 514 possunt

1055 523 1117 552 istae
1136 523 1280 552 dictiones
1301 523 1380 552 sumi
1403 523 1522 552 divisim
1543 546 1552 559 ,
1572 526 1602 552 et
1627 524 1670 552 sic
1696 524 1838 561 quaelihet

1055 570 1146 599 trium
1159 578 1358 607 personarum
1373 571 1415 598 est
1428 570 1548 607 spiritus
1561 573 1692 599 sanctus.

1091 617 1215 654 Spiritus
1229 619 1348 646 sanctus
1360 616 1456 646 multa
1469 617 1560 646 habet
1578 617 1710 646 nomina.
1729 618 1838 648 Dicitur

1057 663 1138 692 enim
1145 666 1259 700 spiritus
1274 663 1445 701 aspirando
1457 663 1563 699 active,
1578 672 1614 693 eo
1627 656 1714 701 'quod
1729 665 1820 702 spiret
1826 675 1835 701 ;

1056 710 1088 738 in
1101 712 1214 739 Joanne
1228 711 1260 746 (c)
1275 710 1296 727 ¹⁰
1311 719 1318 738 :
1335 711 1456 746 Spiritus
1470 712 1519 739 ubi
1535 711 1595 739 vult
1615 713 1707 747 spirat
1723 721 1732 739 .·
1748 714 1776 740 et
1789 719 1836 740 se-

1057 757 1190 786 cundum
1213 757 1293 785 hunc
1317 757 1444 786 modum
1461 778 1471 792 ,
1493 757 1551 786 hoc
1586 765 1697 786 nomen
1722 760 1837 794 spiritus

1056 811 1216 832 commune
1231 806 1274 832 est
1287 804 1429 832 omnibus
1440 803 1536 833 tribus
1545 805 1692 841 personis,
1707 805 1762 833 sed
1775 805 1837 843 Spi-

1055 850 1125 878 ritui
1138 853 1241 878 sancto
1252 850 1392 878 convenit
1405 859 1460 887 per
1473 851 1760 888 appropriationem.
1771 851 1837 881 Alio

1055 896 1150 925 modo
1175 896 1283 925 dicitur
1305 899 1422 933 spiritus
1443 905 1462 926 a
1479 897 1623 934 spirando
1645 899 1778 935 passive,
1800 906 1837 927 eo

1057 943 1140 980 quod
1155 944 1292 980 spiretur,
1314 947 1343 972 et
1357 944 1414 973 hoc
1429 944 1522 973 modo
1537 945 1694 981 proprium
1709 946 1752 973 est
1774 945 1837 982 Spi-

1055 990 1124 1018 ritui
1139 992 1240 1019 sancto
1253 1011 1259 1023 ,
1275 991 1327 1027 qui
1342 991 1478 1027 procedit
1492 999 1545 1028 per
1558 991 1684 1019 modum
1699 991 1836 1028 spiratio-

1056 1037 1112 1065 nis.
1129 1038 1192 1065 Non
1206 1037 1304 1066 solum
1319 1039 1418 1066 autem
1435 1037 1542 1066 dicitur
1557 1038 1696 1074 Spiritus,
1717 1038 1770 1067 sed
1786 1038 1838 1066 ad-

1057 1083 1137 1112 ditur
1150 1087 1278 1112 suuctus:
1293 1085 1365 1121 quia
1386 1088 1496 1113 sauctus
1506 1084 1587 1113 idem
1599 1085 1734 1121 estquod
1750 1093 1838 1114 mun-

1058 1130 1115 1158 dus
1123 1151 1132 1166 ,
1147 1131 1195 1159 vel
1208 1131 1328 1167 firmus,
1344 1131 1393 1160 vel
1409 1132 1471 1160 sine
1487 1134 1574 1160 terra.
1592 1133 1648 1160 ista
1663 1133 1762 1160 autem
1777 1140 1838 1161 non

1057 1177 1155 1206 solum
1178 1178 1359 1206 conveniunt
1382 1178 1408 1206 ei
1432 1178 1535 1215 quoad
1554 1187 1584 1207 se
1594 1200 1604 1214 ,
1627 1178 1680 1206 sed
1704 1179 1792 1207 etiam
1807 1180 1838 1207 in

1058 1225 1280 1261 comparatione
1309 1226 1411 1262 quoad
1435 1233 1490 1254 nos
1511 1234 1517 1253 :
1540 1233 1610 1254 nam
1635 1233 1690 1262 per
1713 1225 1838 1262 gratiam

1058 1271 1181 1308 Spiritus
1195 1273 1287 1300 sancti
1303 1281 1321 1301 a
1335 1272 1464 1309 peccatis
1478 1273 1662 1301 mundamur
1675 1272 1727 1309 (d),
1742 1273 1772 1301 in
1787 1272 1839 1301 bo-

1058 1319 1103 1346 nis
1115 1319 1280 1355 firmamur,
1294 1329 1312 1348 a
1325 1321 1446 1349 terrenis
1460 1328 1643 1356 separamur.
1661 1322 1782 1348 Sanctus
1797 1329 1841 1348 er-

1059 1374 1098 1402 go
1114 1375 1174 1394 non
1190 1367 1288 1395 solum
1304 1368 1388 1396 estin
1409 1375 1456 1402 se,
1482 1367 1535 1395 sed
1551 1367 1622 1404 quia
1642 1375 1696 1395 nos
1716 1367 1784 1395 ficit
1805 1375 1840 1395 ea

1059 1413 1220 1448 sanctitate,
1237 1414 1274 1441 de
1291 1422 1351 1450 qna
1366 1414 1437 1441 dicit
1453 1413 1634 1451 Dionysius¹¹
1651 1423 1657 1440 :
1672 1423 1686 1439 «ι
1697 1414 1839 1442 Sanctitas

1058 1465 1100 1488 est
1114 1460 1153 1488 ab
1170 1461 1252 1488 omni
1268 1461 1458 1488 immunditia
1473 1460 1568 1488 libera
1579 1481 1587 1495 ‚
1603 1463 1633 1488 et
1651 1460 1793 1496 perfecta,
1811 1463 1840 1489 et

1060 1507 1183 1535 omnino
1197 1507 1388 1535 immaculata
1402 1506 1582 1535 munditia.»
1595 1508 1734 1535 Praeterea
1749 1507 1839 1544 Spiri-

1060 1556 1104 1581 tus
1119 1557 1236 1583 sanctus
1250 1557 1373 1582 vocatur
1388 1562 1487 1587 nexus,
1518 1556 1610 1581 unitus
1631 1556 1658 1582 et
1679 1555 1838 1589 amplexus,-

1060 1603 1088 1628 et
1102 1601 1177 1635 hoc,
1191 1604 1279 1638 prout
1293 1603 1483 1637 comparatur
1497 1600 1536 1628 ad
1551 1602 1665 1628 Patrem
1680 1603 1707 1628 et
1722 1601 1838 1629 Filium.

1060 1647 1140 1675 idem
1168 1648 1276 1676 dicitur
1301 1649 1400 1675 stonum
1423 1648 1583 1680 Aln‘ssimi5
1607 1650 1634 1675 et
1655 1647 1730 1681 hoc,
1750 1651 1838 1683 prout

1059 1696 1250 1730 comparatur
1261 1694 1299 1721 ad
1308 1702 1378 1722 nos:
1391 1694 1462 1730 quia
1473 1693 1492 1709 “’
1501 1702 1577 1722 omne
1585 1694 1680 1721 datum
1694 1696 1837 1730 optimum,

1059 1743 1085 1767 et
1100 1749 1175 1768 omne
1185 1742 1283 1768 donum
1297 1743 1446 1777 perfectum
1462 1742 1601 1768 desursum
1615 1743 1673 1776 est,
1697 1742 1751 1769 etc.
1768 1742 1839 1770 item

1060 1787 1166 1815 dicitur
1180 1790 1240 1821 fons
1259 1790 1351 1823 virus,
1368 1788 1439 1825 quia
1453 1787 1638 1824 septemplici
1655 1788 1719 1816 rivo
1742 1788 1838 1816 dono-

1061 1842 1128 1862 rum
1143 1835 1231 1862 nobis
1246 1835 1328 1870 ssuit;
1346 1835 1433 1863 lsaias
1451 1836 1469 1853 ¹³
1489 1844 1495 1862 :
1510 1835 1634 1870 Spiritus
1653 1836 1794 1870 supientioe
1813 1839 1838 1862 et

1061 1882 1213 1909 intellectus
1225 1902 1233 1915 ,
1248 1883 1365 1916 spiritus
1381 1883 1490 1909 consilii
1504 1886 1528 1909 et
1547 1882 1739 1916 fortitudinis,
1755 1883 1839 1918 spiri*

1062 1931 1104 1955 tus
1119 1930 1238 1955 scientiae
1253 1932 1278 1955 et
1291 1930 1416 1963 pietatis,
1431 1932 1455 1956 et
1467 1930 1584 1963 spiritus
1597 1930 1704 1956 timoris
1720 1930 1837 1956 Domini.

1061 1976 1131 2003 Item
1143 1974 1249 2002 dicitur
1264 1977 1345 2010 fanis,
1358 1975 1429 2011 quia
1441 1974 1580 2002 affectum
1592 1974 1680 2002 nobis
1694 1975 1837 2004 accendit.

1061 2023 1131 2049 item
1146 2021 1252 2049 dieitur
1267 2023 1386 2049 charitas
1398 2043 1406 2056 ‚
1423 2029 1483 2050 non
1499 2021 1596 2049 solum
1612 2021 1684 2058 quia
1698 2024 1741 2049 est
1754 2030 1839 2050 amor

1060 2069 1150 2096 Patris
1166 2072 1192 2096 et
1207 2068 1286 2102 Filii,
1300 2068 1352 2096 sed
1367 2068 1438 2104 quia
1454 2075 1508 2096 nos
1524 2071 1657 2096 amantes
1672 2068 1750 2096 facit.
1769 2071 1839 2097 item

1060 2115 1168 2143 dicitur
1180 2116 1338 2151 spiritualis
1349 2118 1456 2150 unctio,
1471 2116 1543 2152 quia
1557 2123 1661 2143 omnes
1677 2115 1839 2143 tribulatio·

1058 2170 1110 2190 nes
1125 2162 1293 2190 mundanas
1308 2171 1414 2190 suaves
1429 2162 1497 2190 facit
1511 2164 1539 2190 et
1549 2161 1715 2197 jucundas,
1731 2170 1838 2189 secun-

1062 2209 1134 2237 dum
1156 2209 1232 2236 illud
1252 2217 1347 2244 prosoe
1363 2208 1382 2224 ¹⁸
1398 2218 1404 2236 τ
1425 2210 1456 2236 1η
1481 2210 1566 2236 latore
1585 2210 1706 2243 requies,
1728 2210 1757 2235 in
1772 2212 1838 2236 aestu

1062 2258 1200 2290 temperies
1214 2277 1222 2290 ‚
1240 2258 1293 2283 etc.
1312 2257 1382 2282 ltem
1405 2254 1513 2282 dicitur
1526 2255 1630 2282 deaetrae
1647 2256 1695 2282 Det
1713 2255 1837 2290 divitus,

1061 2302 1130 2338 quia
1145 2302 1219 2329 sicut
1233 2301 1404 2338 corporales
1418 2309 1465 2329 res
1480 2301 1572 2336 digito
1586 2301 1837 2336 demonstrantur,

1060 2349 1099 2376 ita
1114 2356 1167 2384 per
1182 2347 1321 2383 Spiritum
1336 2350 1470 2376 sanctum
1486 2348 1681 2376 ostenduntur
1697 2356 1742 2376 res
1755 2347 1838 2384 spiri-

1060 2395 1154 2423 tuales
1169 2394 1256 2422 oculo
1272 2395 1425 2430 spirituali.
1448 2397 1516 2423 item
1532 2395 1638 2422 dicitnr
1661 2395 1834 2429 Paracletus,

1061 2442 1132 2478 quia
1146 2441 1363 2469 consolationes
1383 2441 1515 2470 ccelcstes
1534 2441 1684 2469 mentibus
1704 2440 1835 2469 instillat.

1061 2490 1131 2517 ltem
1146 2490 1338 2522 maqistrorum
1359 2491 1475 2523 optimus
1486 2510 1494 2523 ‚
1516 2489 1588 2524 quia
1604 2488 1781 2516 intellectum
1797 2488 1835 2516 ad

1061 2535 1110 2563 Dei
1125 2534 1326 2569 cognitionem
1341 2537 1369 2562 et
1382 2535 1427 2562 sui
1442 2535 1534 2571 ipsius
1549 2534 1707 2562 illuminat.

1060 2622 1091 2645 de
1106 2622 1162 2645 Dir.
1175 2621 1286 2651 Nomia„
1302 2628 1324 2644 c.
1341 2628 1424 2645 x11.-—
1435 2622 1456 2638 *Β
1467 2621 1560 2650 Jac.,1.
1577 2621 1678 2645 17.—¹³
1689 2621 1727 2645 Isa
1742 2639 1748 2650 ,
1764 2627 1799 2650 iti,
1811 2622 1833 2644 2.

1063 2670 1088 2675 -
1105 2658 1121 2671 '³
1139 2658 1165 2681 ln
1180 2657 1249 2681 Miss.
1266 2657 1367 2682 Pentee.

1092 2705 1126 2735 (a)
1155 2704 1215 2728 Cat.
1241 2703 1304 2727 edit.
1326 2703 1512 2728 Matthaeus.—
1536 2703 1568 2732 (b)
1594 2704 1833 2727 110111J0annes.--

1062 2742 1092 2771 (c)
1117 2740 1177 2764 Coee.
1202 2739 1262 2763 edit.
1285 2740 1408 2764 Joaiines.
1429 2752 1459 2757 ——
1483 2740 1523 2769 (d)
1549 2740 1618 2763 Edu.
1649 2739 1705 2763 Van.
1727 2738 1833 2762 manda·

1059 2783 1125 2800 mur.
