2004 3037
863 201 994 235 CAPUT
1015 201 1151 234 Lxxul.

230 270 390 308 Postquam
404 272 538 300 creverat
551 272 647 307 isaac,
664 271 693 299 et
705 269 904 307 locupletatus
917 270 978 298 fue-

195 318 252 352 rat,
267 319 403 354 pastores
414 318 473 353 sui,
488 319 517 347 et
531 318 702 348 vicinorum
712 325 848 354 suorum,
862 318 978 354 J'urgari

196 367 360 402 cceperunt.
378 366 458 402 Gen„
472 373 552 396 xxvr.

231 413 339 442 Odium
354 414 484 443 avaritiae
494 435 503 449 ,
519 414 683 451 plusquam
699 415 874 442 caeterorum
889 412 977 441 vitio-

194 467 282 496 rum,
308 461 419 489 debent
433 461 545 489 habere
558 461 693 497 judices,
710 462 737 489 et
750 459 866 498 praelati
884 469 890 488 ε
908 460 978 488 ideo

195 507 346 543 signanter
356 508 431 537 dixit
443 508 541 536 Jethro
553 508 590 536 de
598 507 766 544 judicibus,
776 508 880 541 Exod„
895 515 978 543 xvm,

195 556 228 583 21
247 563 253 584 :
273 564 287 581 «
303 555 424 585 Oderint
439 555 606 584 avaritiam.
623 565 636 582 ›³

230 602 319 631 Pauci
344 604 412 631 sunt
434 602 526 630 hodie
543 602 659 636 clerici,
685 602 737 638 qui
763 601 874 631 faciant
896 601 981 631 obla-

192 649 289 678 tiones
309 650 423 686 populo
444 649 624 686 prohiberi,
649 649 724 677 sicut
752 649 887 677 fecerunt
913 649 980 685 illi,

196 697 249 733 qui
269 696 412 733 operibus
434 697 621 726 tabernaculi
644 697 856 734 praesidebant.
878 697 979 730 Eaeod„

195 751 299 778 xxxvi,
315 746 372 773 5-6.

229 791 329 820 Nuntii
344 791 432 819 Balac
442 793 638 827 perrexerunt
651 791 691 819 ad
701 791 822 819 Balaam
834 791 979 820 habentes

196 837 389 866 divinationis
403 839 533 874 pretium
548 838 579 866 in
593 838 750 873 manibus,
767 840 795 867 et
809 838 849 867 ita
861 838 917 867 fuit
929 847 981 868 cu-

198 885 323 921 piditate
339 887 506 922 corruptus.
519 887 616 921 Num„
633 894 709 914 xxxi.

229 932 334 961 Tribus
350 932 474 968 Ruben,
492 935 519 961 et
531 933 609 968 Gad,
627 934 655 960 et
671 933 798 962 dimidia
814 934 907 962 tribus
922 935 980 963 Ma-

194 988 297 1016 nasse,
315 981 386 1017 quia
404 981 558 1009 habebant
572 980 698 1008 multam
717 980 915 1009 substantiam
928 1003 938 1016 ,
954 983 982 1010 et

191 1035 317 1063 pecora,
339 1027 501 1056 noluerunt
521 1027 645 1055 transire
664 1027 844 1062 Jordanem,
873 1028 927 1056 sed
949 1028 981 1056 in

193 1076 273 1102 terra
287 1074 403 1103 alendis
418 1075 559 1110 gregibus
583 1076 652 1111 apta
676 1075 805 1103 contenti
822 1078 890 1104 sunt
904 1076 980 1104 acci-

193 1129 264 1157 pere
278 1121 459 1157 portionem.
475 1123 572 1157 Num„
588 1129 682 1150 xxxii.

231 1168 396 1204 Cupiditate
419 1168 560 1197 seductus
583 1169 704 1204 Achan,
730 1168 767 1196 de
790 1170 980 1198 anathemate

193 1215 309 1244 ,Iericho
333 1217 458 1252 sumpsit
466 1225 475 1252 3
499 1216 554 1244 sed
575 1224 631 1252 pro
654 1216 708 1244 illo
731 1216 816 1245 lucro
832 1217 978 1246 damnum

194 1262 325 1291 terribile
340 1263 512 1299 reportavit.
529 1263 598 1298 los„
613 1271 664 1292 vir.

229 1311 285 1338 Pro
308 1310 437 1346 pecunia
462 1318 480 1338 a
504 1310 677 1339 Philisthaeis
697 1310 863 1347 promissa,
887 1311 981 1341 Dalila

194 1357 370 1385 Samsonem
383 1357 483 1385 virum
496 1366 585 1385 suum
597 1357 640 1385 eis
652 1357 785 1386 tradidit.
801 1359 907 1394 Judz'c„
918 1367 978 1387 XVI.

229 1405 269 1432 De
297 1404 365 1432 filiis
388 1405 533 1433 Samuelis
558 1404 682 1440 dicitur,
707 1406 717 1433 I
742 1407 821 1441 Rea„
844 1414 913 1441 vm,
939 1407 956 1434 3
972 1415 978 1435 :

196 1461 210 1478 «
224 1451 452 1480 Declinaverunt
466 1453 534 1488 post
549 1452 705 1480 avaritiam
717 1474 726 1488 ,
743 1455 979 1489 acceperuntque

195 1506 336 1533 munera,
350 1501 378 1527 et
391 1501 600 1535 perverterunt
612 1499 770 1535 judicium.
783 1509 797 1526 »

230 1546 382 1582 Praecipua
398 1554 487 1574 causa
507 1568 516 1582 ,
544 1546 593 1575 vel
614 1547 735 1575 occasio
759 1547 980 1583 reprobationis

194 1593 263 1621 Saul
279 1593 398 1621 videtur
412 1593 559 1629 cupiditas
573 1593 663 1622 fuisse
676 1615 685 1629 ,
706 1602 799 1630 quam
820 1594 926 1623 habuit
941 1596 981 1624 ad

193 1640 329 1676 praedam
360 1640 501 1669 Amalech
521 1650 529 1676 3
556 1641 637 1669 unde
673 1641 748 1669 dixit
775 1642 894 1670 Samuel
919 1642 946 1670 ei
971 1652 978 1671 ε

198 1697 211 1713 α
226 1688 322 1721 Quare
343 1695 406 1715 non
429 1688 539 1716 audisti
562 1696 670 1716 vocem
696 1688 834 1724 Domini,
858 1689 912 1717 sed
935 1697 980 1718 re-

192 1741 296 1762 versus
312 1742 342 1762 es
359 1735 399 1762 ad
416 1735 566 1771 praedam,
582 1737 610 1763 et
625 1735 720 1764 fecisti
736 1736 850 1765 malum
863 1737 895 1765 in
909 1745 980 1766 ocu-

193 1781 229 1809 lis
244 1782 389 1809 Domini?
404 1793 417 1808 »
435 1784 445 1811 l
461 1784 538 1818 Rea„
554 1791 604 1817 xv,
618 1784 662 1811 19.

228 1828 319 1857 Nimis
332 1831 421 1857 tenax
436 1829 491 1858 fuit
512 1830 607 1858 Nabal
623 1838 693 1866 erga
719 1831 813 1859 David
828 1833 978 1868 petentem

194 1874 312 1911 aliquid
326 1875 392 1903 dari
405 1876 462 1903 sibi
475 1885 483 1911 3
496 1879 619 1913 propter
630 1878 714 1913 quod
726 1878 787 1906 sere
802 1880 896 1906 totam
908 1879 978 1907 sub-

193 1923 331 1951 stantiam
342 1944 350 1958 ,
367 1924 395 1950 et
409 1931 570 1959 personam
583 1924 690 1952 amisit.
706 1926 715 1953 l
729 1926 807 1960 11439υ
823 1934 892 1954 xxv.

229 1970 324 1998 Semel
339 1970 430 1998 exivit
443 1970 480 1998 de
495 1970 678 1999 Hierusalem
689 1992 698 2007 ,
723 1974 827 2000 contra
841 1972 977 2008 prohibi-

193 2017 305 2045 tionem
332 2017 501 2046 Salomonis
520 2039 529 2053 ,
557 2019 597 2046 ad
630 2019 846 2055 requirendum
875 2028 978 2048 servos

192 2072 279 2099 suos,
296 2064 347 2101 qui
363 2065 540 2100 aufugerant
550 2075 557 2101 3
575 2067 602 2093 et
616 2066 656 2094 ob
672 2066 750 2094 hanc
773 2075 894 2095 causam
910 2067 978 2096 fecit

192 2111 334 2140 Salomon
349 2120 419 2140 eum
435 2112 543 2141 occidi.
561 2113 594 2141 lll
607 2114 686 2148 Req„
703 2122 733 2142 11.

227 2159 319 2187 Vinea
330 2159 448 2187 Naboth
458 2181 467 2194 ‚
484 2168 576 2196 quam
593 2161 765 2197 concupivit
786 2161 886 2190 Achab
898 2182 908 2197 ,
923 2161 978 2191 fuit

192 2212 283 2234 causa
296 2206 344 2234 vel
357 2207 487 2242 occasio,
502 2215 595 2244 quare
613 2207 674 2236 duo
689 2209 776 2236 testes
791 2211 894 2237 contra
907 2217 976 2238 eum

191 2252 312 2281 fuerunt
335 2253 494 2290 producti,
519 2256 548 2283 et
570 2255 620 2284 ille
642 2255 742 2291 jussus
765 2257 808 2284 est
834 2255 975 2292 lapidari.

196 2302 230 2329 lV
245 2303 324 2337 Req„
339 2310 400 2331 xxi.

228 2349 302 2383 Quia
317 2349 393 2377 Giezi
408 2348 521 2385 accepit
535 2357 553 2377 a
568 2351 701 2378 Naaman
718 2350 750 2378 id
767 2351 846 2387 quod
864 2351 976 2379 Eliseus

191 2398 399 2431 recusaverat,
416 2396 500 2433 lepra
515 2404 674 2433 percussus
688 2397 752 2425 fuit.
767 2399 802 2426 IV
816 2399 894 2433 Req„
910 2406 938 2427 v.

227 2444 372 2480 Tempore
387 2443 534 2472 Nehemiae
547 2464 556 2478 ,
572 2446 655 2472 erant
675 2444 768 2481 aliqui
784 2445 823 2473 ab
848 2445 975 2481 optima-

193 2490 271 2518 tibus
285 2491 325 2519 ita
341 2491 437 2519 usuris
453 2491 605 2527 oppressi,
622 2491 705 2527 quod
728 2492 872 2520 volebant
897 2492 975 2521 filios

193 2546 264 2566 suos
277 2540 306 2566 et
319 2539 395 2567 filias
409 2539 540 2568 vendere
556 2539 587 2567 in
601 2547 702 2568 servos
718 2542 746 2568 et
766 2541 906 2576 ancillas;
922 2540 976 2569 sed

193 2584 348 2614 Nehemias
372 2586 438 2615 illos
463 2586 592 2624 graviter
616 2589 644 2616 et
666 2587 778 2616 utiliter
799 2588 973 2624 increpavit.

193 2632 317 2666 Nehem„
331 2640 360 2661 v.

229 2679 354 2708 obtenta
368 2679 490 2710 victoria
505 2681 542 2709 de
555 2681 715 2718 Arphaxad
725 2690 794 2718 rege
810 2682 974 2718 Medorum,

1760 204 1819 235 573

1033 278 1051 299 a
1065 269 1348 299 Nabuchodonosor
1362 277 1431 307 rege
1447 270 1648 306 Assyriorum,
1663 270 1762 300 statim
1774 278 1819 300 re-

1033 317 1168 353 gnalalia
1183 317 1362 354 concupivit.
1378 317 1477 346 Judith
1486 338 1497 353 ,
1508 325 1529 346 ι.

1069 364 1146 393 Dixit
1159 365 1173 393 J
1177 365 1250 393 udas
1266 364 1451 394 Machaboeus
1467 364 1723 394 commilitonibus
1735 365 1796 394 suis
1809 375 1818 394 ε

1035 421 1050 438 «
1064 413 1129 440 Non
1144 412 1361 448 concupiscatis
1375 411 1483 449 spolia,
1500 412 1572 448 quia
1583 412 1700 441 bellum
1715 413 1820 441 contra

1032 467 1088 487 vos
1103 460 1163 495 est,
1179 461 1207 487 et
1232 458 1355 495 Gorgias
1370 461 1399 487 et
1413 459 1560 488 exercitus
1576 459 1638 495 ejus
1659 459 1691 489 in
1716 462 1818 489 monte

1032 514 1128 543 prope
1142 514 1207 534 nos.
1222 516 1235 533 »
1250 507 1261 534 I
1276 506 1378 540 Mach„
1390 514 1430 542 iv,
1448 508 1492 534 17.

1068 553 1243 582 Ptolemaeus
1271 561 1325 581 rex
1346 553 1464 591 AEgypti
1489 554 1669 591 vituperavit
1692 554 1819 584 Alexan-

1034 599 1124 629 drum
1138 609 1227 629 suum
1242 609 1404 637 generum,
1423 603 1583 638 propterea
1604 602 1689 639 quod
1712 611 1820 632 concu-

1032 647 1127 684 pierat
1141 655 1269 683 regnum
1284 648 1365 684 ejus,
1388 656 1457 676 cum
1471 650 1571 677 tamen
1593 649 1762 679 Alexander
1785 650 1819 679 il-

1033 694 1098 723 lum
1113 694 1278 723 honorifice
1292 694 1461 731 recepisset.
1479 696 1489 722 I
1505 696 1607 731 Mach„
1622 704 1664 725 xr.

1070 742 1219 770 Adversus
1234 741 1340 770 Oniam
1363 743 1391 770 et
1405 741 1554 770 civitatem
1569 745 1702 772 sanctam
1723 745 1821 772 conci-

1034 789 1108 818 tavit
1123 789 1241 824 Simon,
1257 789 1294 817 de
1310 789 1390 817 tribu
1404 789 1569 825 Benjamin,
1584 790 1779 827 Apollonium
1792 794 1819 820 et

1033 844 1137 872 regem
1152 836 1343 872 Antiochum,
1359 836 1460 865 dicens
1473 845 1479 865 :
1499 846 1513 863 (ι
1525 837 1672 865 AErarium
1687 838 1821 875 pecuniis

1034 884 1308 913 innumerabilibus
1323 892 1387 912 esse
1400 884 1535 921 plenum.
1548 896 1561 910 υ
1577 886 1598 913 11
1613 886 1716 919 Maeli„
1733 894 1776 921 111,
1792 887 1819 916 6.

1070 931 1219 959 Menelaus
1239 940 1295 968 per
1309 933 1468 967 argentum
1479 952 1488 967 ,
1504 932 1588 968 quod
1611 933 1749 969 promisit
1766 936 1822 962 An·

1034 978 1133 1006 tiocho
1144 999 1153 1014 ,
1170 978 1300 1007 obtinuit
1315 986 1468 1007 summum
1484 979 1694 1007 sacerdotium.
1710 980 1820 1009 Deinde

1033 1034 1087 1063 per
1101 1035 1174 1055 vasa
1188 1035 1280 1055 aurea
1295 1026 1332 1055 de
1347 1027 1461 1063 templo
1476 1027 1584 1055 furtive
1602 1027 1720 1056 sublata
1731 1049 1740 1063 ,
1755 1036 1821 1064 quae
1862 1033 1863 1036 ’

1035 1074 1118 1102 dedit
1132 1074 1324 1110 Andronico,
1348 1074 1417 1102 fecit
1432 1075 1538 1103 Oniam
1561 1074 1668 1103 occidi.
1689 1075 1821 1104 Tandem

1035 1123 1189 1149 accusatus
1198 1122 1234 1158 (a)
1244 1121 1326 1158 apud
1334 1130 1435 1157 regem
1442 1121 1647 1157 Ptolomaeum,
1655 1123 1682 1150 et
1690 1122 1822 1159 corrupit

1035 1176 1105 1196 eum
1119 1176 1173 1205 per
1187 1169 1363 1205 pecuniam,
1381 1171 1409 1197 ct
1430 1171 1534 1197 contra
1549 1171 1737 1198 accusatores
1752 1169 1821 1198 fecit

1034 1214 1105 1244 ferri
1119 1216 1223 1244 mortis
1238 1216 1424 1244 sententiam.
1443 1219 1465 1246 ll
1480 1217 1582 1250 Mach„
1596 1225 1634 1245 1v.

1071 1264 1141 1291 Item
1156 1263 1304 1292 Menelaus
1323 1272 1471 1300 nequam,
1487 1266 1610 1300 propter
1625 1272 1747 1300 eorum,
1768 1265 1821 1302 qui

1034 1309 1065 1337 in
1082 1310 1217 1346 potentia
1232 1313 1337 1346 erant,
1363 1311 1520 1340 avaritiam
1538 1333 1547 1347 ,
1568 1312 1765 1349 permanebat
1786 1313 1818 1341 in

1034 1359 1198 1393 potestate,
1221 1366 1355 1387 crescens
1376 1359 1407 1387 in
1430 1359 1560 1394 malitia,
1583 1362 1610 1388 et
1635 1360 1675 1389 ad
1698 1360 1821 1390 insidias

1035 1404 1156 1433 civium.
1173 1406 1194 1434 ΙΙ
1210 1407 1312 1441 Maeli„
1325 1414 1363 1435 1v.

1073 1453 1146 1480 Cum
1175 1452 1301 1489 quidam
1327 1453 1420 1481 Judaei
1442 1453 1479 1482 de
1503 1454 1646 1483 mandato
1662 1455 1821 1484 Macbabaei

1036 1498 1208 1528 obsiderent
1221 1500 1296 1528 duas
1313 1502 1422 1535 turres,
1438 1500 1469 1528 in
1483 1501 1593 1537 quibus
1608 1505 1691 1538 erant
1705 1502 1819 1532 inimici

1035 1545 1178 1582 gentiles,
1207 1549 1330 1584 accepta
1357 1548 1486 1584 pecunia
1513 1549 1663 1585 quosdam
1689 1550 1820 1587 effugere

1034 1593 1257 1628 permiserunt:
1276 1603 1352 1631 quos
1376 1595 1561 1624 Machabaeus
1585 1599 1730 1634 tanquam
1750 1607 1820 1635 pro-

1036 1640 1148 1668 ditores
1164 1663 1172 1676 ,
1203 1643 1232 1670 et
1259 1641 1384 1671 fratrum
1412 1643 1581 1672 venditores
1614 1645 1768 1676 interfecit.
1798 1648 1820 1676 11

1035 1688 1137 1723 Mam„
1154 1697 1183 1716 x.

1070 1735 1138 1762 Post
1163 1734 1278 1763 bellum
1305 1737 1408 1764 contra
1437 1737 1576 1773 Gorgiam
1605 1739 1818 1775 commissum,

1034 1781 1115 1809 venit
1128 1782 1219 1810 Judas
1234 1783 1418 1812 Machabaeus
1435 1793 1504 1812 cum
1519 1785 1595 1820 suis,
1611 1788 1644 1814 ut
1656 1789 1818 1823 prostrato-

1034 1836 1102 1857 rum
1124 1837 1252 1865 corpora
1273 1830 1421 1867 sepeliret.
1447 1833 1625 1861 Invenerunt
1647 1835 1748 1862 autem
1762 1835 1818 1863 sub

1034 1876 1140 1904 tunicis
1162 1876 1386 1906 interfectorum
1402 1878 1439 1907 de
1463 1879 1595 1908 donariis
1611 1880 1764 1909 idolorum
1775 1903 1784 1917 ,
1801 1891 1819 1910 a

1034 1923 1144 1959 quibus
1165 1924 1214 1952 lex
1235 1925 1375 1960 prohibet
1393 1926 1527 1961 Judaeos,
1544 1928 1566 1955 11
1587 1928 1690 1963 Maeli„
1706 1937 1757 1957 ΧΗ.
1775 1929 1818 1958 Ob

1033 1970 1111 1998 hanc
1127 1979 1249 1999 causam
1264 1980 1335 2008 ergo
1352 1973 1499 2002 creditum
1513 1977 1555 2002 est
1570 1976 1726 2004 corruisse.

1068 2017 1249 2046 Adolescens
1265 2019 1317 2055 qui
1333 2020 1471 2056 quaesivit
1483 2029 1500 2049 a
1512 2022 1649 2058 Domino,
1661 2024 1817 2059 quomodo

1033 2067 1133 2101 posset
1146 2066 1258 2094 habere
1280 2067 1373 2095 vitam
1392 2070 1550 2104 aeternam,
1571 2069 1707 2098 «multas
1721 2071 1817 2100 habe-

1033 2111 1085 2140 bat
1107 2114 1325 2150 possessioneS,
1348 2125 1361 2142 »
1380 2117 1410 2143 et
1430 2116 1544 2144 idcirco
1568 2116 1642 2145 abiit
1665 2118 1770 2154 tristis,
1786 2123 1818 2148 ut

1033 2159 1148 2188 audivit
1181 2161 1339 2189 consilium
1372 2163 1573 2199 perfectionis·
1603 2165 1717 2201 Macth„
1745 2175 1815 2204 x1x3

1033 2206 1131 2243 Marc„
1146 2216 1183 2243 x3
1202 2209 1279 2241 Luc„
1293 2216 1376 2237 xv111.

1068 2255 1240 2283 Sacerdotes
1250 2257 1263 2283 J
1266 2256 1572 2291 udaeorum,volentes
1583 2259 1668 2295 quod
1677 2259 1817 2290 homines

1031 2302 1202 2339 frequenter
1230 2302 1391 2339 offerrent,
1415 2305 1629 2341 permittebant
1653 2308 1736 2343 quod
1761 2316 1815 2344 ea,

1032 2358 1099 2386 quae
1117 2350 1217 2378 offerri
1241 2352 1394 2386 poterant,
1410 2352 1610 2381 venderentur
1630 2354 1661 2382 in
1685 2355 1815 2391 templo,

1033 2397 1149 2433 Matth„
1164 2406 1233 2433 xx13
1250 2399 1349 2434 Marc„
1362 2407 1412 2434 x1;
1429 2401 1506 2435 Luc„
1519 2409 1589 2436 X1x3
1605 2402 1697 2435 Joan„
1712 2410 1742 2430 11.
1758 2404 1815 2431 Hac

1033 2445 1122 2473 etiam
1138 2445 1175 2473 de
1191 2454 1280 2473 causa
1295 2446 1451 2482 dicebant,
1472 2456 1580 2475 aurum
1604 2449 1708 2484 templi
1730 2447 1816 2478 san'c-

1032 2492 1089 2520 tius
1111 2500 1175 2520 esse
1198 2492 1328 2528 templo,
1349 2495 1377 2521 et
1393 2494 1509 2522 donum
1534 2494 1618 2530 quod
1644 2497 1706 2523 erat
1726 2504 1816 2532 super

1032 2539 1124 2567 altare
1139 2561 1148 2575 ,
1172 2540 1295 2575 majoris
1324 2549 1387 2569 esse
1411 2541 1582 2570 reverentiae
1604 2551 1696 2578 quam
1717 2542 1815 2580 ipsum

1032 2586 1134 2616 altare.
1150 2587 1263 2622 Mutila,
1276 2595 1367 2623 xxm,
1382 2590 1426 2616 17.

1066 2689 1098 2719 (a.)
1115 2687 1176 2712 Cael.
1193 2686 1255 2711 edit.
1271 2690 1414 2712 accusatur.
