2004 3037
301 268 530 313 perseverantia.
554 267 788 311 uagnffioentia,
807 270 974 306 seeundum*
995 277 1078 306 eunt-

302 321 372 350 dem
382 342 392 356 ‚
406 315 450 350 est
462 329 641 358 magnarum
656 322 685 350 et
698 322 883 352 excelsarum
897 327 999 352 rerum
1009 331 1079 353 cum

300 368 404 405 ampla
417 368 550 405 quadam
569 368 661 397 animi
681 369 875 406 proportione
886 371 924 407 (a)
938 370 1078 407 cogitatio

301 416 390 451 atque
400 414 626 444 administratio.
639 415 761 444 Fiducia
771 417 813 444 est
821 412 913 445 virtus
923 423 977 454 per
986 425 1078 454 quam

300 460 332 489 in
345 461 463 497 magnis
481 463 510 490 et
528 461 660 490 honestis
680 462 771 491 rebus
784 463 914 492 multum
931 464 994 500 ipse
1014 464 1078 492 ani-

299 515 367 536 mus
382 516 450 536 cum
464 510 543 536 certa
556 513 610 545 spe·
622 507 744 537 fiduciae‘
754 509 785 537 in
795 517 826 538 se
839 510 1013 539 collocatur.
1029 512 1079 540 Pa-

299 554 401 583 tientia
418 557 461 583 est
481 555 642 584 honestatis
666 558 694 584 et
713 556 845 585 utilitatis
868 565 958 586 eausa
977 565 1078 586 rerum

299 601 462 630 arduarum
483 605 571 638 atque
586 601 752 631 difficilium
774 603 943 632 voluntarla
964 607 992 632 et
1010 604 1077 633 diu-

299 650 384 676 turna
395 648 559 684 perpessio.
582 650 800 678 PerseverantIa
816 653 857 679 est
870 650 985 679 vii-tutis
996 651 1031 687 (b)
1046 651 1077 679 in

297 694 412 723 ratione
433 695 511 724 bene
535 695 723 725 considerata
745 697 859 725 stabilis
883 700 911 726 et
932 701 1077 736 perpetua

297 742 477 778 permansio.

334 789 414 818 Multi
435 790 504 817 sunt
522 789 642 818 effectus
660 790 860 819 fortitudinis:
885 792 998 820 Primus
1014 795 1076 828 est,

298 835 370 871 quia
379 835 416 864 de
429 836 564 865 hostibus
574 837 737 873 triumphat
746 837 768 865 ¹:
781 840 794 866 J
797 838 873 866 udas
881 839 1075 873 machabaeuS‚

298 885 327 911 et
339 883 420 912 idem
435 884 480 912 vir
490 883 676 913 fortissimus.
694 885 861 921 Secundus,
876 886 948 922 quia
961 886 1076 914 homini

297 937 352 958 sua
365 930 447 958 bona
463 933 639 959 conservat²
653 940 660 958 :
681 931 745 959 Cum
762 933 845 965 tortis
863 936 985 960 armatus
995 954 1004 967 ‚
1020 935 1074 961 etc.

297 977 424 1013 Tertius,
441 977 512 1014 quia
527 977 621 1006 ditat³
634 987 641 1005 :
658 979 756 1006 Manus
770 980 885 1012 fortium
900 979 1014 1007 divitias
1025 987 1076 1015 pa-

297 1026 351 1051 rat.
364 1025 500 1059 Quartus,
513 1024 585 1060 quia
594 1028 722 1060 regnum
731 1025 874 1054 coelorum
885 1028 1036 1062 expugnat
1045 1025 1055 1041 ⁶
1067 1035 1073 1054 :

296 1071 416 1106 Reqnum
430 1071 553 1098 coelorum
565 1069 620 1098 vim
633 1073 755 1107 patitur,
771 1074 824 1100 etc.
847 1073 986 1108 Quintus,
1003 1073 1074 1110 quia

297 1117 404 1145 ornat’
425 1127 432 1145 :
458 1118 601 1146 Fortitudo
625 1122 651 1146 et
677 1119 765 1154 decor,
792 1120 980 1148 indumentum
1005 1129 1071 1155 ejus.

296 1165 418 1200 Sextus,
439 1165 510 1202 quia
529 1166 560 1193 in
582 1167 719 1194 extremis
734 1167 901 1196 assecurat⁶
917 1177 923 1195 :
946 1169 995 1196 Leo
1014 1171 1073 1202 for-

297 1213 418 1239 tissimus
440 1213 586 1239 bestiarum
608 1213 645 1240 ad
669 1215 773 1241 nullius
795 1215 902 1250 pavebit
925 1223 1070 1243 occursum.

295 1258 441 1294 Septimus
453 1280 462 1294 ,
494 1259 566 1294 quia
593 1260 863 1289 remunerationem
890 1264 1025 1298 expectat
1037 1263 1047 1279 ⁷
1061 1272 1069 1290 :

295 1305 435 1332 Mulierem
451 1307 549 1339 fortem
563 1308 624 1340 quis
639 1308 771 1342 inveniet,
789 1310 843 1335 etc.

330 1351 481 1379 Fortitudo
504 1352 635 1380 consistit
653 1353 683 1380 in
703 1353 835 1390 quinque
846 1375 854 1388 ,
877 1354 985 1382 scilicet
1002 1358 1024 1382 1.
1041 1355 1071 1383 in

294 1398 483 1434 aggressione
498 1399 683 1427 arduorum⁸
696 1409 702 1427 :
724 1401 850 1428 Vir-iliter
863 1403 953 1436 agite,
969 1406 994 1430 et
1009 1411 1070 1430 con-

293 1447 412 1479 fortetur
433 1455 477 1474 cor
495 1449 622 1475 vestrum.
646 1449 672 1475 9..
696 1449 728 1475 In
748 1450 918 1484 contemptu
939 1451 1070 1478 terreno-

293 1493 399 1520 rum⁰:
429 1494 532 1527 Moyses
557 1496 665 1529 negavit
692 1503 719 1522 se
743 1503 798 1523 esse
824 1496 926 1523 Filium
951 1497 1071 1524 Pharao-

292 1541 346 1573 nis,
363 1541 416 1567 etc.
433 1542 459 1568 3.
477 1542 507 1568 ln
521 1541 692 1570 sustinentia
707 1541 934 1570 tribulationum
946 1543 965 1557 ¹⁶
980 1552 986 1570 :
1003 1544 1069 1570 For-

293 1587 330 1613 tis
345 1588 382 1613 est
398 1589 427 1614 ut
441 1595 511 1614 mors
527 1587 646 1615 dilectio.
667 1590 693 1616 4.
710 1590 741 1616 lu
756 1588 919 1617 resistentia
935 1589 1070 1618 tentatio-

292 1640 375 1666 num,
393 1634 551 1669 Apostolus
564 1635 580 1651 ¹¹
595 1644 601 1662 :
618 1636 677 1663 Non
693 1637 875 1671 coronabitur,
896 1638 951 1664 nisi
968 1639 1016 1672 que·
1031 1638 1069 1664 Ie-

291 1681 386 1713 9itz'me
394 1683 548 1708 certaverit.
558 1684 584 1708 5.
599 1683 628 1709 tn
641 1682 867 1717 impugnatione
879 1683 1018 1711 vitiorum
1028 1686 1048 1704 ¹²
1060 1694 1066 1711 z

291 1726 399 1752 Militia
414 1730 451 1753 est
467 1729 527 1754 vita
540 1729 656 1755 hominis
670 1737 750 1763 super
766 1732 874 1757 terrain.

327 1773 414 1800 Multa
432 1774 538 1808 juvant
559 1775 772 1803 tortitudinem.
799 1776 928 1803 Primum
953 1779 995 1804 cst
1018 1785 1067 1804 ex-

290 1819 417 1848 hortatio
432 1821 623 1856 prudentium
635 1831 642 1856 ;
659 1822 738 1849 unde
752 1822 857 1856 legitur
873 1822 910 1850 de
924 1823 1000 1851 suda
1012 1825 1067 1851 Ma-

291 1865 412 1894 cbabaeo
423 1867 451 1901 ¹³,
459 1867 542 1903 quod
551 1870 668 1895 armavit
679 1870 763 1896 sotios
774 1877 825 1896 non
836 1870 922 1904 clypei
932 1871 973 1896 vel
984 1870 1068 1898 liastoe

288 1915 455 1948 munitione,
477 1915 525 1941 sed
549 1916 712 1942 sermonibus
734 1917 854 1951 optimis.
877 1916 1065 1951 Secundum,

289 1960 425 1996 exempla
439 1961 630 1988 robustorum
640 1983 649 1996 ,
666 1964 696 1989 ut
711 1961 817 1996 legitur
831 1962 868 1990 de
884 1962 1021 1991 Eleazaro
1034 1963 1065 1997 ¹⁴,

289 2006 373 2042 quod
396 2006 484 2042 elegit
507 2009 619 2041 fortiter
641 2010 709 2035 mori
728 2017 779 2043 pro
798 2011 921 2044 paternis
947 2011 1063 2044 legibus,

291 2055 441 2089 eccemplum
462 2056 576 2082 virtutis
601 2057 624 2082 et
647 2056 823 2088 fortitudinis
846 2059 961 2091 posteris
983 2058 1066 2084 relin-

288 2109 380 2136 quens.
396 2101 521 2128 Tertium
537 2103 578 2129 est
598 2102 765 2130 exercitatio
787 2102 817 2130 in
836 2103 961 2138 pugnis;
985 2103 1065 2132 unde

287 2147 394 2183 legitur
409 2148 438 2175 iu
454 2148 531 2176 libro
546 2149 673 2176 ‚Indicum
685 2149 716 2184 (c)
729 2149 758 2183 ¹⁵,
775 2149 859 2185 quod
874 2152 1001 2177 Dominus
1013 2159 1064 2178 non

290 2198 386 2224 delevit
402 2197 495 2223 statim
510 2203 597 2223 omnes
611 2195 696 2223 hostes
711 2196 829 2229 filiorum
845 2197 930 2223 Israel
941 2217 949 2230 ,
965 2197 1011 2224 sed
1026 2205 1064 2235 se-

290 2244 372 2279 liquit
387 2244 507 2278 αἰίᾳιιοε,
530 2246 559 2269 ut
579 2249 627 2276 per
647 2250 687 2269 eos
709 2243 833 2269 haberent
849 2243 1064 2270 consuetudinem

286 2290 445 2325 proeliandi.
467 2290 609 2322 Quartum
629 2291 671 2315 est
685 2296 752 2324 spes
767 2289 1010 2317 remunerationis
1024 2289 1042 2306 ¹⁰
1056 2299 1061 2317 :

292 2337 484 2369 Cons'ortentur
498 2344 591 2362 munus
610 2338 723 2367 vestrae,
741 2338 765 2362 et
787 2344 839 2362 uon
859 2337 1042 2363 dissolvantur
1054 2346 1064 2364 .-

291 2385 342 2411 erit
357 2384 428 2410 em'm
442 2390 536 2410 merces
551 2383 626 2417 operi
639 2384 734 2410 vestro.
757 2382 894 2415 Quintum
904 2404 912 2417 ,
934 2383 1063 2412 hostium

323 2456 331 2471 ¹
348 2455 355 2478 Ι
375 2454 464 2483 Maeli,
482 2460 508 2484 11,
524 2455 562 2478 66.
574 2467 603 2472 -
621 2455 628 2468 ²
643 2455 709 2485 Luc.³
724 2460 761 2484 x{‚
776 2455 815 2478 21.
830 2468 859 2472 —
875 2455 883 2469 ³
898 2455 981 2484 prov..
998 2461 1023 2486 x,
1039 2457 1062 2480 4.

291 2504 320 2509 —
336 2491 343 2504 ⁴
360 2490 461 2520 Matth„
477 2495 517 2519 xr,
535 2492 570 2513 12.
583 2502 614 2507 -
634 2489 644 2505 ⁸
659 2491 744 2519 Pron„
763 2496 837 2519 xxxi,
852 2491 891 2514 25.
907 2503 936 2508 —
955 2492 964 2503 ¹²
981 2492 1062 2521 Pron„

292 2532 353 2555 xxx,
371 2526 408 2549 30.
424 2538 454 2543 -
468 2525 476 2539 ⁷
494 2525 576 2554 Prota,
593 2531 665 2555 xxx«,
682 2527 718 2548 ¹0.
736 2538 766 2543 --
784 2526 793 2539 ·
812 2525 879 2549 psal.
897 2531 964 2556 xxx,
981 2528 1020 2550 25.
1034 2540 1060 2544 —

293 2563 302 2576 ⁹
314 2561 398 2591 Helua,
414 2567 450 2589 xi,
465 2561 1025 2592 24.—*⁰(*a1.t.,x111‚‹·..-¹¹11T1·m.,1r‚
1038 2564 1062 2586 5.

290 2609 321 2616 -
334 2597 354 2613 ¹²
366 2596 519 2626 Joo,v11,1.
534 2609 565 2614 -
577 2596 594 2612 *⁸
609 2597 626 2619 u
644 2596 736 2626 inach..
751 2602 793 2625 xv,
809 2599 845 2620 ιι.
860 2609 887 2614 -
904 2597 924 2613 ¹⁶
937 2597 1011 2627 thid„
1027 2604 1062 2628 w,

291 2633 331 2662 28,
347 2634 385 2657 31.
405 2645 434 2649 -
457 2632 577 2660 ¹⁸Jud1·0.,
593 2637 632 2662 111,
647 2633 670 2656 2.
689 2645 719 2650 -—
743 2633 759 2646 ¹¹¹
778 2633 796 2656 11
818 2631 914 2660 paral„
934 2639 975 2662 xv,
995 2635 1017 2656 7.
1031 2647 1062 2652 —

294 2667 312 2684 ¹¹¹
332 2667 422 2697 Ecum,
438 2674 502 2698 xvii,
518 2670 555 2692 tt.
574 2681 599 2685 —
623 2667 640 2683 ¹⁸
654 2667 746 2696 ἐμαῖς..
766 2674 810 2697 xv,
826 2669 909 2692 15.—
929 2668 949 2685 ¹⁸
965 2669 972 2692 t
993 2669 1062 2700 Req..

635 202 894 241 COMPENDIUM
913 199 1174 243 THEOLOGIGAE
1193 207 1417 245 VERlTATlS.
1440 212 1516 245 LIB.
1539 210 1577 247 V.

1133 279 1290 316 debilitas3
1309 281 1487 317 Gregorius.-
1505 290 1520 307 ι
1534 281 1644 310 Debilis
1665 284 1708 311 est
1727 283 1838 318 hostis,
1857 283 1910 320 qui

1132 334 1195 354 non
1218 328 1312 363 potest
1335 327 1452 356 vincere
1477 327 1534 355 nisi
1555 319 1715 358 volehtem.
1731 339 1746 356 ι
1769 330 1908 366 Sextum,

1133 373 1273 402 orationis
1296 374 1478 410 adjutorium
1490 376 1508 392 '⁷
1522 385 1531 402 ε
1549 375 1615 403 ctam
1629 377 1744 404 elevaret
1762 376 1800 413 (d)
1815 385 1910 406 manus

1132 420 1257 454 Moyses,
1279 422 1420 449 vincebant
1442 423 1497 457 filii
1521 422 1626 457 Israel,
1647 424 1701 450 ete.
1726 423 1928 459 Septimum,-

1132 474 1286 495 armorum
1305 467 1504 504 spiritualium
1524 470 1704 505 apparatus,
1723 469 1805 498 unde
1824 470 1907 498 Sam-

1132 520 1187 541 son
1199 514 1220 533 =⁸
1234 514 1305 542 vicit
1312 514 1510 543 Philistaeosin
1525 515 1702 544 mandibula
1714 515 1799 551 asini,
1813 515 1845 544 id
1856 517 1908 552 est,

1133 561 1326 597 temperantia
1342 563 1370 590 et
1383 561 1580 598 simplicitate.
1597 563 1750 598 Octavum,
1763 562 1909 591 memoria

1133 606 1289 636 dominicae
1302 608 1468 644 passionis:
1491 609 1574 646 quod
1596 608 1797 645 significatum
1817 612 1861 638 est
1877 610 1912 638 in·

1132 653 1225 682 David
1235 674 1244 687 ,
1267 654 1320 691 qui
1333 657 1436 683 contra
1455 655 1570 684 Goliam
1589 656 1670 684 venit
1682 657 1700 674 ¹⁹
1713 657 1744 684 in
1758 656 1867 685 baculo
1881 659 1909 685 et

1130 698 1235 729 funda.
1250 702 1387 734 Nonum,
1411 702 1496 730 cibus
1520 703 1683 740 spiritualis
1694 704 1717 721 ²⁰
1733 712 1740 731 :
1757 705 1842 731 Panis
1864 710 1909 731 cor

1131 746 1247 775 hominis
1261 748 1429 783 confirmet.²¹
1439 749 1601 777 Ambulavit
1612 750 1688 778 Elias
1702 751 1732 777 in
1744 750 1908 784 fortitudine

1131 792 1185 822 citii
1192 795 1280 828 itlius,
1292 797 1346 823 etc.
1358 787 1440 824 Unde
1448 796 1547 824 Petrus
1557 797 1806 834 potatuerpiritus
1815 797 1907 826 sancti

1131 841 1225 876 gratia
1239 840 1419 870 confortatus
1432 843 1484 877 est,
1502 840 1602 871 dicens
1612 842 1632 858 ²¹
1645 852 1652 871 :
1664 841 1777 879 O'po'rtet
1788 842 1842 871 neo·
1851 843 1908 871 0⁶2³

1131 887 1191 915 dire
1204 889 1292 923 magis
1306 897 1388 924 quam
1401 889 1562 917 hominibus.
1579 889 1660 919 ldem
1671 892 1744 918 vero
1755 889 1907 926 apostolus

1130 937 1196 962 ante
1213 934 1302 963 talem
1317 935 1565 964 confortationem
1579 936 1680 964 dicit¹³
1693 937 1805 965 :Nescio
1819 936 1906 964 humi-

1129 989 1188 1009 nem
1204 982 1283 1009 hune.

1323 1067 1484 1101 CAPUT
1516 1068 1706 1102 XXXVI'I.

1427 1144 1465 1171 De
1483 1145 1608 1172 Justitia.

1163 1215 1282 1243 Justitiae
1297 1215 1435 1251 politicae,
1448 1217 1612 1245 secundum
1628 1216 1808 1245 macrobium
1818 1218 1851 1251 ’ξ’
1864 1219 1905 1245 est

1128 1269 1243 1289 servare
1260 1262 1420 1299 unicuique
1436 1263 1518 1299 quod
1534 1271 1620 1291 suum
1636 1266 1687 1291 est.
1702 1263 1821 1292 Justitioe
1834 1270 1904 1299 pur-

1127 1308 1248 1343 gateriae
1258 1330 1267 1343 ,
1285 1309 1449 1337 secundum
1465 1310 1621 1344 eumdem,
1638 1313 1682 1338 est
1695 1310 1734 1338 ad
1747 1317 1839 1337 unam
1854 1317 1904 1337 cu-

1124 1355 1233 1391 jusque
1246 1356 1389 1392 propositi
1401 1356 1482 1384 viam
1493 1357 1726 1398 uniuscujusque
1738 1357 1851 1384 virtutis
1863 1357 1905 1384 of-

1127 1401 1227 1430 ficium
1240 1411 1426 1431 conservare.
1442 1403 1560 1431 lustitiae
1571 1405 1669 1431 autem
1683 1403 1801 1439 purgati
1812 1402 1903 1431 animi

1128 1450 1170 1476 est
1192 1449 1232 1476 ita
1253 1457 1321 1477 cum
1341 1457 1470 1486 superna
1491 1452 1588 1478 mente
1607 1449 1733 1484 sociari,
1757 1451 1789 1477 ut
1809 1450 1904 1477 servet

1127 1503 1195 1523 eum
1221 1503 1256 1523 ea
1281 1495 1377 1524 fcedus
1401 1498 1578 1533 perpetuum
1604 1497 1760 1525 imitando.
1785 1495 1903 1524 Justiuae

1127 1542 1304 1578 exemplaris
1319 1544 1380 1578 est,
1403 1543 1485 1579 quod
1500 1544 1622 1580 perenni
1642 1543 1706 1579 lege
1725 1543 1903 1579 sempiterna

1126 1589 1224 1625 operis
1238 1589 1282 1617 sui
1297 1590 1517 1618 continuatione
1532 1598 1593 1619 non
1607 1590 1740 1618 flectitur.

1162 1637 1391 1672 Partesjustitiae‚
1403 1637 1568 1665 secundum
1581 1637 1710 1665 Tullium
1719 1637 1751 1671 ²⁸,
1762 1638 1830 1664 sunt
1839 1643 1900 1671 sex,

1126 1682 1235 1710 scilicet
1249 1683 1353 1719 religio
1365 1705 1373 1718 ,
1389 1684 1498 1719 pietas,
1519 1683 1613 1719 gratia
1623 1705 1631 1718 ,
1647 1683 1807 1711 vindicatio
1819 1704 1828 1717 ‚
1844 1682 1901 1711 ob-

1126 1729 1289 1761 servantia,
1307 1729 1423 1757 veritas
1440 1729 1563 1765 Religio,
1580 1730 1745 1757 secundum
1761 1729 1901 1757 eumdem

1124 1775 1251 1803 Tullium
1265 1797 1273 1809 ‚
1298 1779 1339 1803 est
1358 1776 1450 1804 virtus
1474 1784 1540 1812 quae
1561 1776 1722 1812 superioris
1745 1775 1900 1811 cujusdam

1124 1823 1250 1856 naturae,
1267 1830 1358 1858 quam
1375 1822 1508 1851 divinam
1521 1825 1639 1858 vocant,
1655 1831 1757 1851 curam
1772 1822 1901 1850 caerimo-

1124 1868 1264 1905 niamque
1279 1869 1373 1897 affert.
1397 1869 1490 1897 Pietas
1505 1871 1547 1897 est
1561 1877 1615 1905 per
1630 1877 1721 1905 quam
1736 1868 1900 1904 conjunctis

1123 1917 1266 1952 sanguine
1279 1938 1287 1950 ,
1303 1919 1330 1944 et
1344 1917 1558 1945 benevolentiae
1573 1916 1715 1950 officium,
1731 1917 1759 1944 et
1773 1915 1899 1951 diligens

1123 1963 1260 1991 tribuitur
1274 1963 1379 1991 cultus,
1404 1965 1499 1992 Gratia
1520 1966 1562 1991 est
1574 1985 1582 1997 ,
1601 1964 1631 1991 in
1650 1970 1710 2000 qua
1729 1961 1857 1990 amicitia
1872 1963 1899 1990 et

1123 2009 1291 2037 officiorum
1310 2010 1430 2038 alterius
1448 2010 1613 2044 memoria,
1638 2012 1667 2038 et
1687 2007 1897 2037 remunerandi

1122 2056 1260 2085 voluntas
1284 2057 1458 2084 continetur.
1483 2056 1645 2084 Vindicatio
1668 2058 1710 2084 est
1732 2056 1823 2083 virtus
1845 2062 1898 2090 per

1123 2111 1214 2139 quam
1230 2103 1273 2130 vis
1287 2104 1315 2130 et
1329 2103 1436 2139 injuria
1447 2125 1455 2138 ‚
1476 2105 1503 2131 et
1522 2111 1610 2131 omne
1632 2102 1714 2138 quod
1737 2101 1897 2129 obscurum

1122 2151 1175 2183 est,
1191 2149 1379 2177 defendendo
1399 2152 1485 2185 atquc
1507 2148 1677 2177 ulciscendo
1696 2147 1893 2184 propulsatur.

1121 2196 1312 2224 Observantia
1335 2198 1377 2223 est
1396 2196 1487 2223 virtus
1505 2204 1558 2232 per
1577 2204 1669 2231 quam
1687 2195 1822 2222 homines
1845 2194 1896 2222 ali-

1122 2251 1182 2279 qua
1197 2242 1336 2277 dignitate
1349 2243 1552 2270 antecedentes
1567 2243 1647 2270 cultu
1662 2242 1795 2278 quodam
1806 2242 1895 2270 etho-

1121 2297 1193 2317 nore
1208 2289 1376 2324 dignantur.
1390 2289 1498 2317 Veritas
1513 2292 1555 2317 est
1569 2290 1660 2317 virtus
1674 2297 1726 2326 per
1740 2297 1831 2324 quam
1843 2288 1895 2315 im-

1121 2337 1232 2363 mutata
1253 2343 1288 2363 ea
1309 2343 1374 2371 quae
1395 2338 1480 2371 sunt,
1502 2338 1552 2365 aut
1573 2336 1706 2371 fuerunt,
1729 2338 1780 2364 aut
1797 2335 1894 2363 futura

1120 2385 1205 2417 sunt,
1221 2382 1367 2410 (licuntur.

1156 2433 1228 2460 Nota
1240 2430 1323 2467 quod
1334 2430 1445 2465 justitia
1456 2438 1517 2459 non
1530 2433 1588 2459 tam
1599 2432 1642 2459 est
1652 2430 1743 2458 virtus
1757 2429 1892 2465 specialis

1121 2495 1184 2518 xm,
1199 2489 1223 2512 9.
1235 2500 1265 2506 —
1283 2488 1304 2504 2⁹
1319 2487 1389 2512 Psal.
1405 2494 1462 2517 Clll,
1479 2489 1515 2513 16.
1537 2501 1563 2506 --
1582 2488 1600 2503 ²¹
1618 2488 1649 2511 111
1669 2487 1737 2517 Κεφ,
1752 2492 1806 2516 xlx,
1822 2487 1844 2510 8.
1861 2498 1891 2503 ·—-

1119 2524 1141 2540 ²¹
1155 2524 1221 2552 Act,
1240 2529 1264 2554 v,
1279 2524 1317 2548 29.
1333 2536 1365 2541 —
1380 2524 1401 2539 ¹³
1417 2524 1507 2554 Marc„
1521 2528 1575 2554 xw,
1590 2524 1629 2547 ἹΙ.
1642 2535 1673 2540 -
1690 2523 1714 2540 ²⁹
1726 2522 1849 2551 Maerob„
1865 2522 1890 2546 in

1119 2558 1204 2583 Somn.
1222 2558 1343 2590 Scipion„
1356 2559 1400 2584 lib.
1420 2559 1441 2590 Ι,
1460 2566 1483 2583 c.
1501 2565 1555 2583 vul.
1571 2571 1601 2576 -·
1616 2559 1638 2576 ¹⁵
1653 2557 1716 2589 cic.‚
1736 2559 1766 2582 tle
1785 2559 1889 2586 Inveni„

1119 2594 1245 2662 ¹¹bte13¹ist
1269 2634 1453 2666 propositione.
1474 2648 1504 2652 —
1525 2635 1559 2665 (b)
1585 2635 1645 2659 (Ἰοῖ.
1670 2634 1730 2658 ndis.
1753 2635 1841 2658 virtus.
1861 2647 1888 2651 —

1120 2670 1154 2701 (c)
1169 2672 1254 2701 Josue,
1268 2671 1400 2696 mendose.
1414 2684 1446 2690 -
1458 2671 1496 2700 (d)
1513 2671 1586 2703 vulg.
1601 2672 1701 2695 levaret.
