2004 3037
234 191 295 222 414

234 265 303 286 rum
316 265 442 294 operum
461 259 491 286 et
508 258 656 288 factorum
668 256 905 293 magnitudinem
923 255 1014 285 rima-

234 313 321 340 mur,
355 312 409 341 per
442 305 554 341 gradus
585 304 791 334 admirationis
822 303 1013 333 ascendendo

234 359 329 387 usque
344 351 384 380 ad
403 352 509 381 mentis
527 361 698 386 excessum,
716 351 758 380 ait
771 350 969 386 Richardus,¹,
982 352 1016 379 ut

235 398 341 426 clamet
364 406 434 428 cum
453 399 595 436 Apostolo
609 398 622 415 ²
641 408 649 427 ι
668 399 690 428 0
712 398 832 427 altitudo
850 398 1014 426 divitiarum

233 447 376 480 sapimztz'oe
396 449 422 474 et
443 448 564 475 scientim
585 448 656 480 Dei,
678 448 732 475 etc.
757 447 790 474 Et
808 445 961 474 Psalmista
975 446 987 463 ⁸
1004 453 1012 472 :

235 492 321 524 Quam
335 495 512 529 magnificata
525 495 590 522 suut
600 501 680 529 opera
695 495 754 528 tua,
770 494 898 521 Domine!

268 540 375 576 Tertio,
399 543 432 570 ut
455 543 582 576 Patrem,
603 541 788 570 confidenter
811 540 1013 577 deprecando,

233 588 267 615 ut
280 587 404 623 quando
423 588 572 617 desideria
592 588 693 617 filialis
713 587 894 617 necessitatis
907 588 948 616 ad
961 596 1014 625 pa-

234 637 350 664 ternam
372 636 560 665 clementiam
579 636 730 665 humiliter
748 636 894 672 clamant,
913 636 1015 665 dicen-

235 682 274 711 do
287 693 295 711 ε
312 684 394 712 Pater
415 687 523 720 noster,
538 686 587 720 qui
601 692 626 712 es
646 686 677 712 in
698 685 771 712 coelis
783 703 790 715 ‚
814 686 868 712 etc.
882 705 891 718 ,
906 683 938 711 in
953 691 1014 720 quo

234 737 338 758 omnes
355 730 512 766 petitiones
523 730 611 759 nobis
627 730 799 759 necessariae
810 730 1013 758 includuntur.

233 777 403 813 Gregorius,
418 777 564 813 vigesimo
580 777 712 806 secundo
723 778 873 805 Moralium
881 777 902 810 ⁴,
923 776 1013 805 dicit:

237 833 250 850 α
261 826 334 853 Vera
347 825 507 861 postulatio
520 833 580 853 non
596 826 638 853 est
651 824 683 853 in
695 824 820 853 vocibus
833 824 902 859 oris,
917 823 1014 851 sedin

234 871 465 907 cogitationibus
488 872 596 900 cordis.
617 871 798 900 valentiores
821 878 911 899 voces
933 869 1015 906 apud

234 918 441 947 secretissimas
463 926 549 947 aures
564 919 614 947 Dei
629 926 691 946 non
712 917 824 946 faciunt
837 917 931 946 verba
943 924 1014 946 nos·

234 967 288 1000 tra,
304 965 357 992 sed
373 965 522 993 desideria
535 965 680 1002 petitoria.
694 974 709 992 »

269 1012 392 1046 Quarto,
408 1014 441 1040 ut
462 1012 638 1047 Dominum,
654 1011 805 1040 humiliter
823 1011 1014 1045 honorando,

234 1060 265 1086 ut
278 1058 400 1094 quando
422 1067 453 1086 se
474 1059 609 1087 inutilem
631 1061 771 1095 reputans
790 1067 924 1093 servum,
939 1058 1015 1086 nihil

233 1105 306 1133 boni
329 1106 385 1133 sibi
401 1106 536 1140 ascribit,
551 1106 604 1134 sed
619 1106 721 1134 omnia
735 1114 753 1134 a
769 1106 909 1140 Domino,
925 1105 1014 1140 largi-

234 1154 295 1181 tore
311 1153 457 1186 omnium,
471 1162 501 1181 se
513 1154 602 1189 gratis
613 1154 744 1190 recipere
761 1153 921 1188 cognoscit.
933 1153 1014 1181 Unde

234 1199 390 1234 Gregorius
402 1221 410 1234 ,
427 1203 509 1228 sexto
525 1200 642 1228 decimo
663 1201 811 1228 Moralium
824 1200 851 1234 ¹⁵,
868 1199 958 1234 dicit,
973 1199 1015 1227 sic

233 1246 359 1274 recitans
382 1247 460 1274 illud
485 1247 591 1274 Psalmi
615 1247 625 1263 ⁶
650 1255 656 1274 :
687 1248 754 1274 Dixi
783 1247 918 1281 Domino3
944 1247 1015 1274 Deus

233 1302 305 1321 meus
321 1302 346 1321 es
362 1297 391 1321 tu
409 1304 417 1321 .·
441 1295 568 1329 quoniam
589 1295 717 1321 bonorum
735 1302 853 1321 meorum
872 1302 923 1321 uon
939 1302 1013 1328 eyes,

234 1342 263 1368 et
281 1341 374 1368 dicit:
395 1350 408 1367 «
429 1340 504 1368 Talis
524 1348 593 1368 vere
614 1341 702 1369 nobis
724 1341 864 1369 Dominus
888 1343 948 1375 est,
963 1340 1015 1376 qui

234 1388 316 1416 bono
331 1388 407 1416 servi
424 1395 485 1415 non
500 1387 623 1423 indiget,
641 1388 692 1415 sed
709 1388 790 1416 bona
805 1387 928 1415 confert.
944 1397 958 1413 n

270 1435 393 1469 Quinto,
416 1436 448 1462 ut
466 1434 614 1469 judicem,
630 1434 810 1463 horribiliter
823 1434 968 1467 timendo,
984 1436 1016 1461 ut

235 1482 357 1518 quando
381 1481 503 1517 trepidis
525 1481 679 1509 desideriis
701 1484 815 1509 reatum
837 1483 866 1509 et
889 1481 1014 1508 infirmi-

234 1531 323 1557 tatem
339 1528 492 1564 propriam
515 1536 582 1556 cum
599 1528 778 1556 confidentia
794 1528 913 1556 infinitae
928 1528 1016 1556 mise-

234 1575 369 1603 ricordiae
393 1575 538 1608 insinuat,
554 1575 656 1603 (licens
679 1575 756 1602 illud
778 1575 833 1603 Job
849 1576 883 1602 ⁷:
906 1576 1016 1610 Loquar

234 1624 264 1649 iu
288 1622 473 1650 amaritudine
500 1624 598 1649 anirnoe
624 1631 706 1655 meae5
732 1622 784 1650 ubi
809 1622 879 1649 dicit
904 1623 1015 1656 Grego-

234 1669 295 1696 rius
309 1670 319 1686 ⁸
341 1678 347 1697 :
364 1680 378 1695 a
402 1669 575 1697 Amaritudo
597 1669 746 1705 praesentis
762 1668 942 1704 poenitentiae
963 1676 1015 1695 ex-

235 1716 340 1750 tinguit
360 1716 506 1752 supplicia
537 1716 684 1752 sequentis
705 1716 764 1744 irre.
780 1726 794 1742 i)
811 1718 905 1749 Quare
920 1716 1015 1743 conti-

236 1762 338 1791 denter
363 1763 433 1790 dicit
449 1772 455 1790 :
484 1764 550 1791 Noli
576 1771 617 1790 me
642 1763 826 1791 condemnare.
854 1762 890 1797 (Si
917 1765 1016 1790 autem

237 1809 329 1837 dicis:
345 1812 407 1837 Non
423 1810 458 1845 (a)
470 1809 681 1837 condemnabo
697 1812 734 1843 te;
746 1809 828 1845 ergo)
841 1809 935 1836 indica
946 1809 1017 1835 mihi

236 1865 282 1884 cur
295 1865 336 1885 me
350 1859 391 1884 ita
401 1857 519 1892 judices.
533 1857 701 1892 Respondet
712 1857 813 1885 dicens
827 1864 880 1892 per
894 1858 1017 1892 Aposto-

236 1903 299 1932 lum
314 1904 324 1921 0
340 1904 418 1931 :Cum
440 1913 457 1931 a
475 1905 588 1931 Domino
602 1904 773 1939 judicamur,
790 1905 969 1939 corripimur,
984 1906 1015 1930 ‘at

236 1959 289 1979 non
299 1959 357 1978 cum
372 1952 418 1978 hoc
430 1952 525 1979 soeculo
539 1951 706 1978 damnemur.

272 1999 373 2031 Sexto,
393 2000 425 2026 ut
437 1998 550 2025 socium
560 2019 568 2032 ,
583 1997 767 2025 familiariter
781 1996 1015 2032 confabulando,

237 2047 270 2073 ut
283 2045 405 2082 quando
421 2046 531 2079 anima,
547 2045 650 2073 divina
664 2044 843 2072 allocutione
859 2044 984 2079 resecta,
1000 2051 1016 2071 e

239 2100 383 2120 converso
407 2092 536 2129 seipsam
562 2100 631 2119 cum
657 2091 819 2126 gratiarum
843 2091 958 2119 actione
986 2090 1015 2118 in

238 2139 352 2167 fervore
374 2139 592 2166 desideriorum
612 2138 759 2165 socialiter
783 2146 813 2165 se
834 2137 969 2172 exhibet,
990 2139 1018 2165 et

238 2186 420 2214 familiariter
444 2194 474 2214 se
498 2185 702 2221 alloquentem
731 2184 902 2220 alloquitur.
931 2184 1017 2217 Quod

238 2236 337 2260 autem
353 2233 477 2260 societas
502 2233 594 2268 possit
613 2240 674 2259 esse
698 2233 772 2261 inter
795 2233 886 2259 Deum
902 2233 931 2259 et
951 2231 1016 2259 ani-

238 2288 330 2314 mani,
342 2279 577 2315 dieitApostolus
592 2279 612 2296 ¹⁰
623 2288 629 2306 :
640 2280 742 2306 Fidelis
753 2281 822 2306 Deus
835 2287 969 2313 perquem
980 2278 1016 2314 (b)

238 2329 324 2354 vocati
339 2328 403 2354 estis
420 2328 447 2353 ιἰι
461 2328 610 2353 societatem
622 2327 688 2353 Filii
704 2327 770 2360 <jusu
786 2327 818 2353 Et
831 2327 958 2353 loannes
974 2327 991 2343 ¹¹
1009 2333 1015 2352 :

237 2374 268 2401 Si
282 2375 312 2400 z'u
336 2375 392 2401 luce
413 2374 594 2406 cunt-alffinus,
615 2375 686 2400 sicut
708 2376 733 2399 ec
754 2375 812 2408 ipse
831 2374 860 2399 in
884 2373 940 2399 luce
961 2375 1014 2404 est,

239 2423 389 2448 societatem
415 2420 568 2448 habebimus
594 2420 630 2447 acl
654 2422 776 2447 invicem.
806 2420 891 2453 Quod
919 2422 1017 2447 autem

272 2483 279 2498 ¹
294 2482 423 2513 nit-hard„
443 2481 473 2506 de
494 2481 642 2512 Contempta,
657 2480 701 2505 lib.
718 2480 756 2512 11,
773 2487 794 2505 e.
812 2485 834 2510 1,
852 2479 879 2503 in
893 2480 973 2511 princ.
988 2492 1017 2497 -

239 2520 250 2535 ‘³
263 2519 340 2547 Rern„
356 2523 393 2549 xl,
409 2519 447 2543 33.
461 2530 492 2536 -—
506 2517 516 2533 ³
529 2517 598 2541 Psal.
612 2522 669 2547 cut,
684 2518 724 2540 24.
742 2528 773 2534 —
792 2516 803 2532 Α
815 2518 902 2546 Greg„
918 2515 1017 2546 Marah,

240 2554 282 2578 lib.
296 2554 373 2584 xxu,
387 2561 408 2579 c.
425 2559 486 2585 xm,
498 2555 556 2577 ante
573 2552 641 2576 med.
656 2565 687 2570 —
703 2553 711 2567 ⁵
729 2551 802 2580 ibid.,
819 2551 862 2576 lib.
878 2552 945 2581 xvi,
961 2558 984 2576 c.
999 2557 1016 2575 1.

240 2603 269 2608 —
285 2591 293 2604 ⁰
307 2590 375 2614 Pcul.
401 2595 444 2619 XV,
464 2591 486 2614 2.
506 2602 537 2606 —
557 2589 567 2605 '¹
584 2588 639 2619 ἀοῖ),
659 2594 685 2618 x,
704 2590 726 2612 1.
741 2601 772 2606 —
791 2588 800 2602 ⁹
813 2588 900 2618 Greg.‚
915 2586 1016 2614 Moral„

239 2626 283 2650 lib.
298 2627 340 2656 lx,
355 2633 378 2650 c.
395 2631 465 2654 xxlv,
484 2624 569 2649 statim
583 2631 597 2648 a
611 2624 693 2655 princ.
704 2637 734 2642 -—
749 2625 758 2638 ⁵¹
774 2625 780 2648 l
798 2624 867 2652 Con,
882 2629 920 2653 ΣΙ,
935 2624 974 2646 32.
987 2635 1018 2640 —-

241 2663 260 2678 ¹⁰
282 2662 355 2692 ibid.,
378 2667 401 2691 1,
421 2662 444 2685 9.
467 2674 492 2679 -
518 2662 532 2675 ¹¹
557 2661 566 2684 l
584 2660 667 2690 Joau„
686 2666 709 2691 1,
728 2661 752 2684 7.
771 2673 803 2679 —
827 2659 846 2676 ¹²
867 2658 925 2684 Vid.
948 2665 1015 2689 sup„

645 190 695 223 DE
715 187 874 223 SEPTEM
894 187 1122 222 ITINERIBUS
1143 188 1436 222 AETERNITATIS.

1067 257 1172 286 mutuo
1181 265 1212 286 se
1221 257 1250 285 et
1260 255 1408 285 socialiter
1414 255 1618 293 alloquantur,
1626 256 1708 293 patet
1715 261 1806 294 supra
1812 256 1845 294 2’,

1067 303 1122 332 ubi
1143 303 1265 339 dieitur,
1284 303 1369 340 quod
1386 304 1463 332 Deus
1487 303 1574 340 quasi
1590 302 1689 332 viator
1704 303 1844 333 itineran-

1067 351 1149 380 tibus
1162 359 1226 379 sese
1240 350 1382 386 associat,
1398 352 1426 379 et
1436 349 1660 387 jucundissimis
1672 350 1846 380 confabula-

1068 397 1201 426 tionibus
1229 398 1290 426 suis
1317 406 1336 426 a
1362 397 1467 426 labore
1497 397 1555 426 viae
1585 397 1699 426 relevat
1725 405 1847 427 omnem

1069 443 1236 480 hominem,
1251 446 1280 473 et
1293 446 1470 480 commutat,
1488 445 1543 473 etc.

1104 492 1244 529 Septimo,
1270 493 1304 520 ut
1321 500 1477 528 sponsum,
1501 491 1628 520 dulciter
1652 491 1847 526 susurrando,

1068 540 1101 567 ut
1113 539 1247 576 quando,
1262 547 1324 575 prae
1332 538 1539 575 magnitudine
1553 538 1675 574 amoris,
1692 538 1809 568 occulta
1819 540 1849 568 et

1068 585 1173 615 intima
1188 586 1338 614 desideria
1350 594 1406 614 nec
1421 585 1461 614 ad
1476 586 1600 622 plenum
1614 585 1744 614 formare
1757 585 1848 620 valet,

1068 641 1123 662 nec
1137 633 1224 670 plene
1239 634 1415 671 exprimere.
1431 636 1504 663 Cum
1523 635 1603 663 enim
1616 634 1759 662 Dominus
1773 635 1848 662 Deus

1069 689 1138 709 cum
1152 680 1252 710 anima
1266 683 1399 710 susurrat
1415 682 1458 718 (c),
1475 683 1507 710 ut
1524 689 1616 717 supra
1630 682 1652 699 ¹³
1667 681 1780 709 dictum
1793 681 1847 716 est,

1068 735 1187 756 necesse
1202 730 1246 756 est
1261 729 1294 756 ut
1311 727 1411 756 anima
1425 735 1494 756 cum
1508 729 1568 756 Deo
1589 729 1728 756 susurret.
1744 728 1848 756 Susur-

1068 774 1146 802 rium
1161 766 1261 802 a‘utem
1275 773 1426 810 divinum,
1442 777 1476 803 ut
1495 774 1535 803 ait
1551 774 1708 811 Gregorius
1718 795 1728 810 ,
1743 774 1848 811 quinto

1068 822 1216 849 Moralium
1230 821 1264 856 ¹⁸,
1281 822 1324 849 est
1338 829 1407 849 cum
1423 821 1556 850 animam
1563 814 1626 850 ¹tam
1639 821 1744 850 intima
1758 821 1848 858 inspi-

1068 867 1182 896 ratione
1197 867 1370 903 alloquitur,
1384 870 1417 896 ut
1427 875 1482 905 per
1491 876 1525 896 os
1539 868 1635 896 carnis
1647 864 1773 904 exprimi
1786 875 1848 896 non

1068 915 1170 952 possit.
1186 924 1201 942 »
1218 915 1263 943 Sic
1278 917 1306 943 et
1318 915 1483 943 susurrium
1495 915 1602 944 animae
1617 917 1669 950 est,
1684 916 1717 943 ut
1729 914 1847 943 eumad

1069 961 1174 990 intima
1195 970 1249 990 sua
1267 962 1390 990 reducta
1410 962 1495 990 suerit
1518 970 1572 999 per
1595 962 1730 991 divinum
1749 969 1848 990 susur-

1068 1009 1156 1043 rium,
1169 1009 1317 1045 concipiat
1331 1009 1433 1044 verba,
1449 1017 1516 1045 quae
1528 1017 1582 1045 per
1596 1017 1629 1037 os
1644 1008 1741 1037 carnis
1754 1008 1848 1046 expri-

1069 1063 1150 1084 mere
1163 1064 1226 1083 non
1239 1058 1344 1091 potest.
1361 1057 1419 1084 iloc
1435 1057 1535 1084 autem
1548 1056 1713 1084 susurrium
1727 1063 1789 1083 non
1803 1055 1846 1090 fit,

1069 1103 1125 1130 nisi
1141 1103 1170 1130 in
1185 1102 1300 1131 silentio
1316 1105 1343 1131 et
1356 1103 1387 1131 in
1396 1103 1565 1131 solitudine.
1582 1103 1651 1131 idco
1665 1102 1735 1130 dicit
1749 1102 1846 1130 Domi-

1069 1157 1125 1177 nus
1149 1158 1203 1186 per
1225 1149 1402 1186 prophetam
1422 1151 1527 1178 Oseam
1542 1150 1562 1167 ¹⁵
1579 1158 1587 1178 ι
1611 1151 1714 1177 Ducam
1739 1157 1798 1177 eam
1816 1150 1848 1176 in

1068 1197 1243 1225 solitudinem
1255 1218 1263 1229 ,
1278 1199 1303 1224 et
1317 1198 1358 1224 ibi
1373 1199 1469 1233 qutt'ar
1491 1197 1528 1225 ad
1547 1205 1592 1224 cor
1609 1197 1676 1232 ejus.
1701 1196 1784 1224 Ducit
1798 1203 1848 1224 au-

1069 1247 1129 1273 tem
1146 1245 1177 1273 in
1195 1244 1402 1280 solitudinem,
1419 1244 1558 1274 vocando
1573 1252 1640 1273 eam
1654 1244 1693 1272 ad
1709 1251 1762 1271 sua
1778 1242 1847 1270 inti-

1069 1300 1134 1327 ma,
1149 1294 1181 1320 ut
1195 1292 1259 1320 sola
1275 1300 1342 1320 eum
1357 1292 1423 1320 solo
1437 1292 1592 1328 loquatur,
1610 1291 1642 1319 in
1655 1290 1738 1319 nullo
1754 1290 1849 1326 impe-

1070 1339 1141 1367 dita.
1162 1339 1243 1367 Unde
1265 1339 1452 1367 Canticorum
1475 1338 1579 1367 ultimo
1601 1337 1672 1366 dicit
1685 1338 1725 1365 ¹⁶:
1741 1337 1793 1364 Fac
1809 1344 1850 1365 me

1070 1387 1167 1414 audire
1187 1395 1275 1414 vocem
1297 1389 1372 1414 tuam
1385 1395 1394 1413 .·
1408 1394 1442 1414 ac
1461 1385 1485 1413 si
1505 1386 1584 1414 dicat
1611 1393 1617 1412 :
1645 1387 1706 1420 Ego
1729 1383 1850 1412 intimus

1070 1434 1158 1461 menti
1171 1442 1248 1468 sum,
1262 1436 1291 1461 tu
1306 1435 1404 1461 autem
1416 1433 1542 1461 exterius
1558 1432 1656 1460 adhuc
1666 1431 1751 1468 quasi
1760 1431 1850 1466 longe

1071 1480 1178 1515 distas,
1195 1481 1235 1508 ait
1250 1480 1441 1508 Vercellensis
1458 1489 1465 1508 :
1481 1482 1509 1508 et
1522 1479 1591 1508 ideo
1606 1487 1664 1508 vox
1680 1481 1730 1507 tua
1740 1499 1749 1514 ,
1765 1477 1851 1514 quasi

1071 1527 1216 1562 exterior,
1236 1527 1336 1555 minus
1351 1526 1511 1562 audibilis;
1527 1529 1670 1563 tanquam
1690 1524 1809 1561 frigida,
1825 1526 1853 1552 et

1070 1574 1147 1603 adeo
1170 1575 1268 1602 minus
1293 1575 1423 1610 gratiosa
1443 1583 1450 1602 :
1472 1576 1500 1602 et
1518 1574 1586 1602 ideo
1608 1574 1654 1601 sac
1677 1581 1726 1601 me
1747 1571 1852 1601 audire

1070 1630 1175 1650 vocem
1190 1624 1270 1650 tuam
1293 1622 1324 1649 in
1345 1621 1454 1649 intimis
1474 1620 1749 1649 ardentissimorum
1773 1618 1851 1647 desi·

1071 1669 1233 1697 deriorum.
1259 1669 1340 1696 [nde
1360 1668 1568 1702 Vercellensis,
1595 1675 1747 1703 exponens
1771 1665 1853 1694 idem

1070 1716 1213 1750 verbum,
1232 1715 1303 1743 dicit
1319 1725 1325 1742 :
1350 1725 1363 1741 (ι
1382 1717 1512 1751 Sponsus
1533 1714 1651 1742 trahens
1666 1721 1697 1741 se
1717 1713 1756 1741 ad
1778 1712 1852 1740 iute-

1070 1763 1149 1790 riora
1163 1770 1358 1798 supernarum
1374 1761 1601 1795 allocutionum,
1617 1762 1650 1788 ut
1664 1760 1797 1788 animam
1812 1758 1852 1787 ad

1070 1809 1210 1837 interiora
1230 1808 1447 1837 desiderIOrum
1462 1809 1623 1844 provocet,
1639 1809 1667 1835 et
1686 1815 1721 1835 eo
1735 1807 1851 1835 ferven-

1070 1855 1147 1884 tiora
1171 1855 1319 1884 desideria
1339 1855 1370 1883 in
1394 1863 1429 1884 ea
1449 1855 1583 1890 suscitet,
1607 1854 1678 1882 dicit
1702 1862 1709 1881 ε
1734 1855 1787 1882 Fac
1809 1861 1852 1881 me

1071 1904 1167 1930 audire
1179 1911 1267 1931 vocem
1283 1905 1356 1930 tuam
1370 1902 1401 1931 in
1422 1902 1532 1930 intimis
1548 1901 1615 1930 tuis.
1636 1902 1700 1929 Non
1713 1900 1793 1928 enim
1807 1901 1851 1928 est

1071 1958 1178 1986 sponso
1203 1958 1263 1978 vox
1284 1949 1458 1985 audibilior,
1483 1957 1575 1986 quam
1598 1948 1714 1976 fervens
1733 1947 1850 1976 deside-

1071 1997 1148 2025 rium
1163 1997 1216 2024 sui.
1234 2007 1248 2022 »
1266 1998 1330 2024 liceo
1353 1997 1414 2024 ille.
1439 2007 1452 2022 «
1468 1998 1508 2024 Ex
1530 2003 1590 2032 quo
1612 1996 1706 2031 patet,
1727 1994 1767 2022 ait
1781 1995 1850 2022 Ver-

1072 2044 1222 2079 cellensis,
1247 2043 1331 2080 quod
1354 2043 1496 2072 Dominus
1516 2042 1643 2071 ostendit
1667 2041 1740 2070 nihil
1762 2040 1850 2069 nobis

1072 2099 1134 2118 esse
1154 2091 1319 2126 salubrius,
1335 2090 1409 2119 nihil
1427 2090 1459 2118 in
1480 2089 1567 2118 nobis
1584 2097 1647 2118 esse
1667 2090 1726 2117 Deo
1738 2088 1848 2124 jucun-

1072 2138 1154 2172 dius,
1175 2138 1249 2166 nihil
1269 2138 1300 2165 in
1319 2138 1456 2173 portione
1478 2137 1573 2165 Mariae
1593 2144 1654 2164 esse
1677 2134 1849 2172 perfectius,

1073 2193 1164 2222 quam
1179 2185 1209 2212 in
1223 2184 1340 2213 fervore
1356 2183 1573 2212 desideriorum
1589 2182 1804 2217 ecstaticorum,
1818 2181 1850 2209 in

1072 2232 1207 2260 divinum
1221 2232 1340 2260 radium
1355 2233 1557 2266 extentorum,
1571 2230 1750 2258 incessanter
1764 2235 1848 2256 exer--

1072 2280 1129 2308 ceri
1142 2301 1150 2314 ,
1166 2287 1282 2315 semper
1299 2279 1331 2306 in'
1344 2279 1478 2315 supernis
1494 2277 1686 2311 jucundando
1702 2277 1732 2304 in
1747 2275 1850 2303 intima

1074 2327 1123 2355 Dei
1138 2326 1326 2355 allocutione.
1342 2336 1357 2353 »ι
1377 2326 1419 2354 lbi
1441 2325 1525 2353 audit
1537 2325 1630 2353 verba
1644 2330 1767 2357 arcana,
1781 2328 1849 2357 quas

1073 2382 1134 2402 non
1149 2374 1216 2401 licet
1230 2373 1345 2405 homini
1361 2373 1455 2409 loqui,
1467 2373 1506 2401 ait
1521 2374 1605 2407 llugo
1621 2372 1655 2406 ¹⁷,
1663 2378 1743 2406 super
1756 2369 1849 2404 Ληρε-

1073 2423 1151 2449 licam
1165 2421 1358 2449 hierarchiam.

1072 2482 1130 2506 dist.
1155 2487 1199 2513 111,
1221 2482 1273 2513 huj.
1298 2482 1364 2512 itiu.‚
1384 2488 1442 2513 pag.
1465 2483 1518 2505 l210.
1539 2494 1566 2498 --
1591 2480 1611 2497 ²³
1631 2479 1688 2503 vid.
1710 2478 1782 2509 ibid.,
1802 2484 1848 2508 per

1071 2520 1167 2549 totum,
1189 2525 1247 2549 pag.
1272 2520 1384 2542 iio-412.
1405 2531 1432 2536 —
1456 2518 1476 2534 ¹⁸
1495 2518 1586 2547 Greg.,
1607 2515 1718 2546 Moror„
1741 2515 1785 2539 lib.
1807 2514 1848 2543 V,

1072 2562 1095 2578 e.
1109 2560 1153 2578 xix
1170 2556 1195 2578 et
1208 2560 1253 2578 xx.
1264 2567 1295 2572 —-
1311 2555 1331 2572 ¹¹⁵
1345 2553 1582 2583 Ose.,11,14.—¹⁵
1595 2551 1677 2580 Cant.y
1694 2556 1753 2582 mi,
1770 2551 1806 2575 ¹3.
1817 2561 1848 2567 —

1072 2590 1090 2605 ¹⁷
1108 2589 1183 2620 ling„
1203 2589 1229 2612 in
1242 2596 1295 2620 cap.
1315 2592 1377 2620 sept.
1396 2587 1484 2621 Anqel.
1506 2586 1646 2617 Hierarch„
1664 2586 1707 2610 lib.
1729 2586 1772 2616 Vl,
1789 2586 1848 2609 unte

1071 2624 1139 2648 med.
1151 2637 1179 2642 -
1197 2625 1230 2655 (a)
1248 2625 1350 2648 Deleml.
1363 2626 1426 2649 Non.
1442 2638 1472 2643 —
1486 2623 1518 2655 (b)
1530 2623 1592 2648 eaet.
1603 2622 1663 2647 edit.
1675 2621 1749 2646 Fides
1758 2622 1794 2645 est
1803 2627 1848 2652 per

1071 2668 1154 2690 quam.
1168 2673 1198 2679 —
1210 2661 1241 2692 (c)
1252 2661 1311 2685 Item
1321 2662 1444 2686 susurret.
