2004 3037
142 898 228 918 Corona

132 929 220 949 Sancto-

123 965 173 980 rum
190 959 228 979 du-

123 991 181 1017 plex-

243 266 302 296 336

275 331 348 359 Item
359 328 393 356 in
405 327 457 356 illa
477 327 585 356 coelesti
601 326 683 358 mlx-ia
697 325 854 354 considero
869 325 929 354 alia
941 325 1013 360 tria,

241 377 351 405 scilicet
359 375 460 403 locum
467 382 583 402 summe
591 373 766 409 gloriosum,
776 375 887 401 sertum
899 380 1014 400 summe

240 423 422 459 speciosum,
441 423 470 450 et
487 421 614 449 fructum
629 428 744 448 summe
759 419 936 456 speciosum.
953 419 1013 447 Pri-

240 478 290 497 mo
301 469 390 505 igitur
403 469 434 496 iu
441 468 494 496 illo
504 468 614 496 coelesti
629 475 721 502 regno
736 466 790 495 erit
802 466 886 494 locus
900 474 1014 494 summe

240 515 403 552 gloriosus,
419 515 490 552 quia
503 514 629 551 quilibet
642 515 758 542 sanctus
772 513 826 541 erit
839 513 870 540 in
889 513 968 548 loco,
983 512 1015 540 in

240 570 301 599 quo
316 564 360 590 est
375 562 438 598 ipse
453 562 503 589 Dei
517 561 621 595 Filius,
636 560 706 597 quia
721 559 846 588 dieitur²
865 568 872 587 ε
893 560 944 587 Ubi
957 567 1016 587 sum

240 617 300 644 eqo,
315 610 376 636 illic
397 610 422 636 et
441 610 567 636 minister
585 615 657 635 meus
675 609 736 635 erit.
761 606 897 634 Secundo
917 605 948 633 in
962 605 1014 633 illo

240 655 349 683 coelesti
363 662 456 690 regno
469 656 511 682 est
522 657 632 682 sertum
645 653 823 690 speciosum,
835 652 882 680 vel
893 660 1014 687 corona,

241 701 312 737 quia
333 701 439 729 dicitur
461 701 492 728 in
512 700 627 729 Psalmo
653 700 690 728 de
711 700 846 736 quolibet
863 701 964 727 sancto
981 698 992 714 ²
1008 708 1015 727 t

241 749 361 776 Posuisti
374 750 405 776 in
418 750 508 783 capite
522 748 578 782 eius
598 755 721 775 coronam
736 747 769 774 de
783 746 874 782 lapide
886 747 1013 782 pretioso.

241 796 294 823 iste
307 794 384 830 lapis
406 795 449 822 est
462 794 622 829 margarita
635 793 701 828 illa,
718 801 810 829 quam
832 795 880 828 qui
899 794 1014 827 invenit,

241 841 333 868 vendit
347 843 456 876 omnia,
473 844 499 868 et
513 843 577 868 emit
593 849 650 868 eam
662 861 669 872 ,
683 842 717 868 ut
745 840 815 868 dicit
833 839 980 868 Matthaeus
994 838 1014 866 ³.

277 889 310 916 Et
322 890 403 923 nota,
420 888 503 924 quod
519 887 630 923 duplex
645 889 687 915 est
705 895 816 915 corona
830 887 1015 919 Sanctorum,

242 935 351 962 scilicet
373 942 462 962 aurea
485 936 514 961 et
538 933 670 961 aureola.
697 935 792 961 Aurea
815 932 920 960 dicitur
943 940 1017 968 prae-

242 981 336 1009 mium
359 980 564 1014 substantiale,
589 979 672 1016 quod
695 979 824 1007 consistit
847 979 878 1006 in
903 978 1016 1013 tribus,

243 1027 352 1055 scilicet
370 1027 401 1055 in
419 1027 532 1054 visione
557 1026 606 1054 Dei
627 1026 805 1060 clarissima,
831 1025 861 1053 in
879 1025 1016 1053 fruitione

243 1073 428 1108 suavissima,
441 1076 468 1101 et
478 1073 509 1101 in
523 1073 684 1101 intentione
697 1072 891 1107 securissima,
908 1072 945 1099 de
957 1079 1018 1107 qua

244 1120 349 1148 dicitur
362 1121 373 1137 ⁸
390 1130 396 1148 z
419 1121 520 1148 Corona
540 1128 621 1147 aurea
639 1127 719 1154 super
737 1121 846 1146 mitram
865 1119 935 1154 ejas,
952 1126 1018 1154 quae

244 1169 286 1194 est
301 1169 421 1195 ornatus
434 1166 618 1203 pontificum.
636 1166 710 1199 Quia
729 1174 832 1193 omues
851 1166 943 1193 sancti
957 1173 1018 1193 non

244 1213 340 1241 solum
354 1216 439 1241 erunt
451 1221 536 1248 reges
551 1213 767 1248 omnipotentes
778 1220 838 1240 suae
847 1212 1016 1246 voluntatis,

245 1260 297 1287 sed
317 1260 402 1287 etiam
425 1262 509 1288 erunt
528 1259 695 1287 sacerdotes
717 1261 744 1286 et
763 1258 931 1294 pontifices,
948 1258 1019 1286 offe-

244 1308 340 1334 rentes
359 1308 416 1334 Deo
434 1314 550 1342 semper
570 1305 746 1333 sacrificium
768 1305 874 1332 laudis.
900 1307 931 1332 Et
952 1304 1018 1332 ideo

246 1352 371 1380 dicitur⁵
388 1362 394 1380 :
411 1354 508 1380 Fecisti
522 1361 568 1380 nos
584 1354 636 1379 Deo
652 1355 741 1379 nostro
759 1360 870 1386 reynum
888 1354 913 1379 et
928 1360 1018 1379 sacer-

246 1399 328 1427 dotes.
344 1399 406 1427 Alia
421 1407 532 1427 corona
550 1399 656 1426 dicitur
676 1398 811 1432 aureola,
827 1398 859 1425 id
878 1400 920 1425 est
934 1406 1019 1426 coro-

246 1446 316 1474 nula
329 1453 422 1481 par-va
430 1455 438 1480 ,-
455 1448 483 1473 et
500 1445 554 1473 ista
568 1445 689 1473 aureola
704 1444 868 1472 seeundum
883 1445 1019 1472 Doctores

247 1492 352 1519 dicitur
367 1492 503 1528 quaedam
517 1491 612 1527 gloria
626 1491 831 1526 accidentaliS,
850 1499 915 1527 quae
929 1491 1019 1519 debe-

246 1540 292 1566 tur
319 1539 426 1566 sanetis
452 1539 566 1566 ratione
596 1539 693 1574 operis
724 1538 902 1566 excellentis.
933 1539 1020 1566 Datur

247 1586 326 1613 enim
351 1585 444 1614 tribus
470 1585 628 1621 generibus
653 1593 778 1621 operum
794 1595 800 1613 ε
827 1584 914 1613 datur
941 1585 1021 1613 enim

247 1632 426 1667 Virginibus,
441 1635 469 1660 et
482 1632 543 1660 haec
557 1635 599 1660 est
612 1632 722 1666 ssorea;
735 1632 821 1660 datur
834 1632 1019 1669 Martyribus,

248 1681 275 1707 et
288 1680 349 1707 haec
365 1682 406 1707 est
419 1688 567 1715 gemmea,
586 1680 769 1714 Ductoribus,
785 1682 813 1708 et
826 1680 887 1707 haec
902 1682 944 1708 est
957 1681 1022 1708 stel-

247 1726 316 1754 lata.
345 1727 470 1754 Aureola
497 1728 590 1755 florea
619 1727 704 1755 datur
735 1727 900 1762 virginibus
913 1749 921 1761 ,
951 1727 1021 1762 quia

247 1772 360 1800 honore
381 1774 552 1808 virginitatis
574 1774 745 1801 floruerunt.
771 1773 851 1800 Unde
872 1773 977 1800 dicitur
991 1774 1021 1800 in

249 1819 362 1847 Psalmo
383 1820 418 1847 de
439 1820 552 1855 virgine
570 1820 720 1854 virginum
739 1820 850 1847 Christo
873 1822 900 1847 et
916 1822 999 1854 Agno
1010 1840 1019 1854 ‚

247 1874 336 1902 quem
353 1867 362 1883 Β
384 1866 511 1901 virgines
531 1869 692 1902 sequuntur
707 1867 717 1883 ⁷
740 1876 746 1893 ε
765 1867 857 1895 Gloria
881 1870 904 1894 et
925 1867 1021 1894 honore

246 1915 381 1940 coronasti
399 1921 466 1940 eum.
489 1913 614 1941 Aureola
630 1921 766 1948 gemmea
788 1913 874 1940 datur
888 1912 1021 1949 martyri-

246 1959 320 1993 bus,
345 1959 415 1995 quia
438 1960 527 1988 instar
547 1960 654 1995 lapidis
680 1959 828 1987 fortissimi
852 1961 879 1987 et
900 1959 1020 1995 pretiosi

246 2005 373 2034 fuerunt.
389 2007 470 2034 Unde
486 2007 591 2034 dicitur
606 2007 616 2023 ⁸
636 2016 642 2033 ε
662 2008 782 2034 Posuisti
806 2008 833 2033 in
854 2009 941 2042 capite
965 2007 1021 2041 ejus

248 2061 368 2079 coronam
384 2054 415 2080 de
431 2053 521 2088 lapide
534 2055 660 2088 pretioso.
682 2053 808 2080 Aureola
823 2053 937 2081 stellata
953 2053 1021 2080 doc-

247 2100 369 2133 toribus,
381 2100 451 2135 quia
461 2100 588 2127 coelestia
599 2100 771 2127 docuerunt.
783 2100 864 2127 Unde
877 2100 982 2127 dicitur
993 2099 1018 2128 ⁹:

249 2147 301 2178 Qui
320 2147 391 2173 docti
405 2147 519 2178 fuerint,
536 2148 677 2181 fulgebunt
691 2148 775 2181 ¹quasi
793 2147 917 2181 splendor
931 2149 1022 2181 firma-

248 2196 343 2225 mcum
356 2196 380 2220 ci
393 2195 482 2228 quiad
492 2194 631 2228 justitiam
641 2194 767 2221 erudiunt
778 2194 814 2229 (a)
826 2196 931 2229 multos,
943 2197 1022 2230 quasi

248 2241 330 2266 stelae
344 2242 371 2266 in
383 2243 524 2274 perpetuas
536 2243 708 2267 (eternitates.
726 2242 757 2268 Et
774 2241 810 2267 de
826 2241 947 2268 muliere
960 2241 1022 2276 glo·

247 2287 326 2314 riosa
341 2287 461 2321 dicitur,
478 2287 560 2322 quod
579 2289 638 2314 erat
662 2288 681 2303 ¹⁰
703 2290 801 2314 amicta
824 2289 893 2318 sole,
914 2291 938 2315 et
957 2290 1022 2316 luna

248 2334 296 2361 sub
308 2334 418 2368 pedibus
434 2334 489 2367 ejus
500 2355 508 2365 ,
522 2336 546 2360 et
558 2335 587 2360 in
603 2336 690 2368 rapite
702 2334 757 2368 ejus
773 2343 869 2361 corona
883 2336 1022 2362 stellarum

250 2380 398 2407 duodecim.
416 2379 515 2407 Mulier
529 2379 635 2407 amicta
648 2380 708 2407 sole
721 2382 762 2407 est
777 2381 876 2408 anima
893 2381 1021 2408 doctoris

247 2426 363 2461 justitiae
389 2428 416 2453 et
439 2426 586 2461 sapientise
614 2426 740 2460 divinae,
765 2435 830 2462 quae
854 2435 907 2462 per
931 2428 1022 2463 pedes

249 2473 429 2508 figurantur3
449 2472 539 2499 habet
567 2472 687 2507 plenam
709 2473 864 2508 pietatem,
884 2482 949 2509 quae
969 2483 1022 2510 per

251 2520 352 2548 lunam
366 2519 550 2554 intelligitur,
567 2527 632 2555 quae
647 2522 688 2547 est
707 2519 795 2547 valde
814 2520 947 2549 humida.
968 2523 1021 2549 Co-

286 2604 387 2634 ¹Joan.,
403 2610 453 2634 xii,
468 2605 506 2628 28.
517 2617 548 2623 -
563 2604 571 2618 ²
585 2604 650 2628 Psal.
671 2610 719 2634 xx,
738 2605 759 2628 4.
776 2618 806 2622 —
819 2605 828 2621 ³
843 2605 942 2634 Malth,
959 2611 1020 2636 ειη,

254 2641 331 2665 44,-
345 2641 355 2657 ⁵
372 2640 462 2669 Ecca„
476 2645 535 2670 XLV,
554 2640 591 2664 14.
606 2652 636 2657 -
652 2640 661 2656 ⁵
677 2640 761 2669 Alme„
777 2646 798 2670 v,
819 2642 854 2664 10,
873 2654 902 2659 —
920 2641 930 2657 ⁶
949 2641 1021 2672 ibid„

254 2682 306 2705 ειν,
323 2677 344 2699 Ιἰ.
361 2689 388 2695 ·-
405 2675 413 2691 ⁷
431 2675 497 2698 Psal.
512 2681 572 2705 v111,
589 2676 653 2698 6.-
668 2676 677 2689 ⁸
691 2675 759 2699 Psal.
777 2681 820 2706 xx,
835 2677 860 2700 4.
874 2689 905 2695 —
921 2677 930 2691 ⁹
947 2677 1021 2705 Dan„

254 2717 305 2739 xn,
327 2714 349 2735 3.
370 2723 400 2729 -
426 2711 446 2729 ¹⁰
460 2712 610 2741 Apoc.,xn,
633 2713 654 2734 ¹.
674 2724 704 2728 —
728 2712 744 2727 ¹¹
766 2711 866 2739 Mam,
886 2718 910 2742 v,
933 2713 970 2736 20.
992 2726 1021 2731 —

754 247 778 255 ²
801 258 945 290 ΜΕΤΑ-«3
966 256 1132 290 SALUTIS
1153 257 1231 289 Trr.
1253 256 1291 288 x.

1069 332 1145 353 rona
1166 325 1318 353 stellarum
1336 324 1481 360 significat
1502 325 1655 354 aureolam
1675 326 1841 357 doctorum.

1070 372 1151 400 Unde
1165 374 1194 400 et
1214 374 1296 400 erant
1310 371 1400 400 stellae
1413 371 1573 400 duodecim
1586 373 1618 400 in
1637 381 1757 410 corona,
1773 375 1844 411 quia

1071 418 1273 447 duodenarius
1297 427 1438 447 numerus
1462 419 1618 448 abundans
1642 422 1704 448 est:
1727 421 1760 448 iu
1783 429 1843 457 quo

1070 464 1242 501 intelligitur
1252 486 1261 500 ,
1276 466 1360 502 quod
1375 466 1508 494 doctrina
1523 475 1613 495 sacrae
1635 467 1789 503 Scripturae
1802 469 1846 495 est

1071 511 1325 540 abundantissima
1345 513 1441 541 omnis
1454 513 1571 549 justitiae
1589 522 1596 541 :
1612 513 1686 542 sieut
1705 513 1761 542 suit
1773 514 1845 542 doc-

1070 558 1148 586 trina
1169 559 1292 594 Christi,
1319 559 1371 595 qui
1392 559 1447 588 fuit
1471 560 1576 588 doctor
1604 560 1779 596 doctorum,
1807 560 1845 588 de

1072 605 1156 640 cujus
1172 605 1307 634 doctrina
1321 606 1428 634 dicitur
1443 606 1461 623 ¹¹
1477 616 1484 634 :
1499 608 1564 635 Nisi
1573 607 1752 635 abundaverit
1759 608 1846 642 justi-

1071 653 1113 679 tia
1135 655 1224 679 vestra
1244 654 1391 688 plusquam
1411 654 1562 681 scribarum
1588 657 1613 681 et
1635 655 1844 689 pharisoeorum,

1071 706 1125 726 non
1152 699 1294 726 intrabitis
1321 701 1351 726 in
1381 707 1490 734 regnum
1517 701 1649 728 σαῖσι-ατη.
1678 702 1847 729 Peccatores

1071 747 1171 772 autem
1188 747 1215 772 et
1228 745 1365 781 reprobi,
1382 747 1433 781 qui
1447 754 1502 774 nec
1519 747 1554 782 (b)
1569 747 1715 775 munditia
1730 746 1852 775 castita?

1072 791 1108 818 tis
1122 791 1297 826 abundant,
1312 794 1345 819 ut
1357 792 1486 828 virgines
1495 814 1505 827 ,
1519 801 1574 821 nec
1587 793 1677 822 fortes
1687 815 1696 828 ,
1711 802 1765 822 nec
1779 802 1846 830 per-

1071 839 1239 866 severantes
1253 838 1372 866 fuerunt
1385 838 1417 866 in
1431 847 1533 867 amore
1548 838 1666 874 Christi,
1681 840 1755 868 sicut
1767 849 1846 868 mar-

1071 886 1170 921 tyres,
1192 893 1246 913 nec
1274 885 1426 913 veritatem
1453 887 1646 922 portaverunt
1666 886 1697 914 in
1722 894 1792 921 ore,
1815 889 1848 916 ut

1073 931 1228 966 doctores,
1244 932 1397 960 aureolam
1420 940 1482 960 non
1497 933 1617 961 habent.
1639 934 1672 960 Et
1694 933 1766 969 quia
1780 941 1846 968 gra-

1073 978 1144 1006 tiam
1166 978 1216 1006 Dei
1239 979 1286 1006 hic
1305 987 1366 1007 non
1387 979 1570 1014 habuerunt,
1592 979 1702 1007 idcirco
1725 987 1847 1008 auream

1073 1025 1199 1060 gloriam
1211 1025 1243 1062 (c)
1261 1026 1459 1054 substantialis
1477 1026 1591 1062 proemii
1605 1034 1667 1054 non
1680 1026 1844 1054 habebunt.

1073 1073 1106 1100 Et
1119 1073 1143 1100 si
1158 1073 1239 1100 omui
1260 1081 1370 1101 corona
1386 1082 1475 1102 aurea
1498 1076 1526 1102 et
1549 1074 1671 1102 aureola
1686 1074 1845 1108 carebunt,

1074 1120 1146 1155 quid
1172 1120 1253 1147 aliud
1278 1120 1350 1154 erit,
1374 1121 1430 1148 nisi
1456 1121 1539 1157 quod
1561 1129 1615 1157 pro
1643 1121 1715 1149 loco.
1731 1128 1847 1149 coronae

1074 1168 1186 1194 aeternae
1204 1166 1365 1202 felicitatis,
1391 1168 1614 1196 coronabuntur
1637 1175 1748 1196 corona
1765 1169 1847 1195 aeter-

1073 1221 1119 1241 nae
1144 1213 1333 1248 calamitatis,
1356 1214 1440 1249 juxta
1461 1214 1536 1242 illud
1559 1214 1642 1250 quod
1665 1214 1770 1242 dicitur
1794 1215 1813 1234 ¹²
1837 1222 1844 1242 :

1074 1260 1207 1288 Coronans
1228 1261 1363 1288 coronabit
1383 1264 1408 1288 ie
1424 1261 1622 1288 tribulatione?
1640 1260 1734 1289 Tertio
1751 1260 1782 1288 in
1796 1260 1848 1288 illa

1075 1307 1183 1334 coelesti
1199 1307 1294 1342 gloria
1305 1307 1471 1342 benedicta,
1484 1309 1568 1335 erunt
1580 1307 1690 1334 fructus
1705 1306 1808 1342 optimi
1821 1309 1849 1335 et

1074 1354 1226 1382 uberrimi.
1247 1354 1327 1382 Unde
1342 1357 1412 1382 nota
1423 1353 1431 1389 ζ
1448 1354 1531 1390 quod
1552 1354 1582 1381 in
1602 1362 1684 1382 sacra
1703 1353 1849 1389 Scriptura

1075 1400 1264 1428 inveniuntur
1292 1403 1348 1429 tres
1372 1401 1481 1428 fructus
1503 1400 1692 1434 differentiae,
1719 1400 1848 1435 scilicet,

1075 1446 1185 1475 fructus
1199 1447 1293 1475 crucis
1308 1447 1506 1484 triumphalis,
1526 1447 1637 1475 fructus
1652 1447 1751 1482 gratiae
1765 1447 1848 1482 spiri-

1076 1494 1178 1529 tualis,
1193 1496 1220 1522 et
1233 1494 1344 1522 fructus
1362 1494 1462 1530 gloriae
1477 1493 1666 1529 immortalis,
1683 1495 1710 1522 et
1723 1492 1848 1530 quilibet

1076 1543 1118 1569 cst
1130 1541 1161 1569 in
1171 1541 1359 1578 quadruplici
1373 1549 1508 1569 numero.

1350 1637 1492 1671 CAPUT
1515 1637 1571 1670 III.

1090 1710 1127 1737 De
1143 1709 1279 1737 duodecim
1293 1710 1424 1742 fructibus
1438 1710 1532 1739 crucis,
1549 1712 1575 1735 ct
1584 1709 1721 1743 passionis
1737 1709 1838 1736 Christi

1402 1755 1520 1780 Domini.

1111 1821 1208 1848 Primo
1222 1821 1310 1856 igitur
1325 1823 1391 1848 sunt
1407 1821 1565 1848 duodecim
1580 1820 1690 1848 fructus
1711 1820 1804 1848 crucis
1819 1822 1847 1848 et

1075 1867 1221 1903 passionis
1236 1867 1348 1895 Christi.
1365 1867 1477 1895 Primus
1491 1867 1602 1895 fructus
1616 1868 1658 1894 est
1679 1867 1848 1894 daemonum

1077 1914 1256 1950 expugnatio
1273 1936 1281 1949 ‚
1309 1914 1380 1950 quia
1408 1913 1528 1941 abstulit
1555 1913 1596 1941 eis
1623 1915 1717 1941 totum
1745 1913 1850 1941 mundi

1076 1961 1287 1997 principatum,
1301 1961 1383 1995 juxta
1397 1960 1471 1988 illud
1491 1960 1574 1996 quod
1591 1960 1696 1987 dicitur
1712 1961 1730 1977 ¹³
1745 1970 1753 1987 :
1773 1961 1850 1988 Nunc

1075 2009 1212 2043 principes
1227 2008 1323 2034 mundi
1337 2008 1414 2042 hujus
1429 2008 1572 2042 ejicientur
1587 2007 1623 2042 (d)
1644 2008 1729 2040 foras.
1745 2007 1850 2034 Secun-

1077 2054 1132 2081 dus
1160 2055 1270 2082 fructus
1300 2056 1341 2082 est
1375 2054 1499 2082 carceris
1528 2053 1633 2081 inferni
1665 2053 1824 2081 confractio
1839 2062 1848 2088 3

1076 2101 1155 2128 unde
1170 2101 1320 2128 Psalmista
1334 2102 1354 2121 ¹³
1366 2110 1372 2128 :
1383 2101 1510 2128 Attollite
1522 2103 1625 2136 portas,
1635 2101 1784 2135 principes,
1794 2107 1850 2126 ves-

1077 2151 1146 2180 tras,
1162 2150 1187 2175 et
1200 2149 1353 2179 elevamini,
1373 2150 1425 2174 etc.
1441 2147 1550 2174 Tertius
1569 2146 1680 2174 fructus
1704 2148 1746 2173 est
1767 2153 1848 2173 mor·

1076 2196 1194 2221 tuorum
1209 2196 1236 2221 ct
1245 2195 1437 2229 peccatorum
1449 2193 1606 2227 suscitatio,
1617 2201 1686 2221 nam
1697 2192 1802 2220 dicitur
1810 2193 1829 2209 ¹³
1841 2201 1847 2219 :

1077 2241 1151 2268 Sicut
1165 2243 1193 2267 in
1209 2241 1298 2267 Adam
1313 2248 1400 2268 omnes
1416 2241 1586 2271 moriuntur,
1602 2241 1643 2267 ita
1657 2242 1682 2266 et
1701 2241 1731 2266 in
1746 2239 1848 2266 Christo

1077 2295 1164 2314 omnes
1183 2287 1401 2321 vivificabuntur.
1421 2287 1545 2319 Quartus
1563 2286 1674 2313 fructus
1696 2287 1738 2312 est
1758 2284 1849 2319 capti-

1076 2341 1183 2361 vorum
1198 2333 1374 2368 redemptio,
1390 2333 1503 2360 dicente
1515 2333 1605 2360 Paulo
1618 2333 1638 2349 ’ὃ
1651 2341 1657 2359 2
1673 2333 1766 2366 Empti
1780 2332 1849 2358 enim

1077 2382 1141 2407 estis
1153 2381 1241 2415 pretio
1258 2388 1369 2413 magno,
1385 2381 1550 2414 morificate,
1564 2381 1618 2406 etc.
1635 2378 1757 2411 Quintus
1771 2376 1848 2404 fruc-

1076 2428 1122 2453 tus
1139 2429 1180 2453 est
1192 2426 1414 2461 inquinatorum
1424 2425 1579 2454 mundatio
1596 2425 1616 2442 ¹⁷
1632 2433 1639 2451 z
1655 2424 1757 2451 Dileaeit
1770 2423 1849 2451 enim

1077 2480 1141 2507 nos,
1158 2475 1183 2500 et
1202 2473 1270 2500 lavit
1289 2480 1335 2500 nos
1356 2475 1385 2500 in
1399 2474 1529 2507 sanquine
1548 2479 1604 2499 suo.
1625 2471 1725 2498 Sextus
1739 2470 1849 2498 fructus

1079 2571 1096 2585 ¹2
1109 2572 1168 2599 Im„
1184 2576 1249 2601 xxii,
1267 2572 1303 2595 18.
1315 2583 1343 2588 -
1362 2570 1380 2585 ¹³
1394 2571 1476 2600 Joan„
1493 2575 1544 2599 ΧΗ,
1560 2570 1637 2593 31.-
1654 2569 1669 2582 ¹⁴
1685 2568 1753 2592 Psal.
1771 2573 1847 2599 xx111,

1078 2608 1100 2630 ἵ.
1114 2620 1140 2625 --
1156 2607 1174 2623 '⁵
1188 2607 1195 2630 Ι
1211 2606 1279 2637 Corn,
1295 2612 1338 2635 xv,
1352 2608 1390 2631 22.
1404 2619 1434 2624 —
1452 2606 1468 2620 '¹³
1484 2606 1491 2630 l
1506 2607 1573 2633 e'or.⁷
1591 2610 1626 2634 w,
1642 2605 1680 2628 20.
1692 2617 1722 2622 --
1735 2604 1753 2620 ¹⁷
1764 2605 1848 2635 Apoc„

1079 2647 1096 2672 1,
1112 2644 1167 2667 5.—
1179 2642 1212 2672 (α)
1230 2642 1290 2666 Caet.
1303 2642 1362 2666 edit.
1377 2641 1564 2665 e›·udieruut.—
1583 2639 1613 2670 (b)
1629 2639 1688 2663 Caet.
1704 2639 1766 2663 edit.
1782 2639 1848 2662 deest

1077 2684 1166 2701 nec.—
1179 2677 1209 2708 (e)
1221 2677 1296 2701 Forte
1306 2677 1352 2708 leq.
1364 2677 1543 2708 gloriosam—
1556 2675 1590 2706 (d)
1600 2675 1674 2706 Vulg.
1682 2675 1795 2705 princeps
1799 2690 1846 2698 .....

1076 2713 1199 2742 ejicietur.
