2004 3037
143 179 201 209 18⁶2

141 244 194 273 mii
205 266 213 280 ,
233 245 305 282 quia
323 246 476 275 beatitudo
495 248 540 275 est
557 247 693 276 omnium
711 247 864 278 bonorum
877 249 918 278 si-

140 291 204 320 mul
219 294 280 321 tota
290 293 436 329 possessio
450 303 457 321 :
471 293 552 321 unde
564 293 606 322 ibi
621 294 696 322 nihil
709 296 753 323 est
763 294 896 324 futurum
905 317 915 332 ,

140 339 224 375 quod
238 340 379 375 speretur.
404 341 442 368 Etv
453 339 522 368 licet
534 341 640 368 sanctis
655 341 753 370 adhuc
766 341 866 377 futura
879 343 917 372 sit

139 385 312 413 resurrectio
337 393 498 423 corporum
519 387 686 416 secundum
707 396 791 424 rem,
814 390 916 418 tamen

137 438 266 467 praesens
275 433 320 460 est
329 433 495 461 secundum
507 434 716 469 cognitionem.
733 436 805 472 Spes
816 437 916 464 autem

136 477 179 505 sic
191 477 324 507 futurum
340 480 476 516 respicit,
499 481 580 517 quod
594 481 691 517 privat
709 484 770 510 tam
788 491 915 520 praesen-

136 524 209 552 tiam
222 524 286 559 rei,
301 534 393 562 quam
407 527 598 563 cognitionis,
613 530 702 564 prout
716 537 784 566 spes
794 530 914 566 proprie

136 571 270 611 sumitur.

172 618 285 655 Duplex
303 621 346 648 est
364 628 450 656 spes,
471 621 582 649 scilicet
601 621 752 658 suffragii,
769 624 797 651 et
810 623 914 660 primm

135 665 324 694 auctoritatis.
340 666 437 695 Prima
448 667 545 704 posita
557 669 600 696 est
610 668 641 696 in
652 669 769 704 sanctis,
783 670 914 699 secunda

134 710 165 748 in
177 711 242 740 solo
255 713 314 740 Deo
327 722 334 741 :
351 715 379 741 et
389 713 453 742 haec
466 714 572 750 triplex
584 717 636 750 est,
653 716 762 744 scilicet
777 717 871 745 veniae
881 719 890 735 ¹
904 727 911 745 :

134 758 166 784 In
184 760 222 790 te,
245 760 375 795 Domine,
395 763 504 796 speravi
514 782 523 795 ‚
543 769 595 789 non
614 763 764 796 confundar
786 765 816 791 in
835 767 913 792 oeter-

134 812 216 836 num:
238 805 358 841 gratiae¹
369 816 378 834 .·
399 808 542 843 Sper-antes
557 811 647 836 autem
661 811 691 837 tn
706 811 818 838 Domino
831 813 912 839 mise-

133 852 254 880 ricordia
266 854 444 882 circumdabit
450 864 459 888 ,·
476 854 596 890 gloriae³
609 864 616 883 ε
632 856 687 889 Qui
701 860 793 892 sperat
805 859 835 884 tn
847 859 911 890 Deo,

133 899 296 927 salvabitur.

170 946 294 975 Effectus
312 948 374 984 spei
393 948 548 985 multiplex
563 951 615 981 est.
639 953 663 978 l.
685 951 706 977 Α
722 949 911 978 tribulatione

133 992 239 1021 liberat
249 995 259 1011 ”
273 1003 279 1021 :
301 995 332 1022 ln
347 997 372 1022 te
386 998 561 1030 speraverunt
573 999 665 1031 patres
687 998 774 1024 nostri
785 1006 793 1029 ς
817 1004 911 1032 spera-

133 1042 248 1074 verunt,
267 1043 292 1067 et
312 1041 436 1068 liberasti
453 1049 504 1069 eos.
527 1042 702 1078 Exemplum
721 1043 758 1070 de
777 1044 911 1072 Susanna

134 1088 161 1114 et
179 1086 288 1114 Daniel.
308 1088 337 1115 2.
356 1087 546 1116 Contortat⁸z
568 1090 710 1117 Pei-euntes
727 1092 825 1125 septem
840 1092 910 1124 filios

131 1133 179 1160 sub
192 1134 274 1160 unius
284 1133 341 1161 diei
351 1136 464 1168 tempore
474 1137 637 1171 conspiciens
649 1139 734 1163 mater·
743 1137 808 1164 bono
820 1139 909 1166 animo

132 1180 251 1213 serebat,
276 1184 388 1216 propter
411 1190 503 1217 spem,
523 1190 602 1218 quam
626 1185 655 1210 in
681 1184 764 1211 Deam
787 1185 907 1212 habebat.

133 1227 159 1253 3.
175 1227 300 1254 Mentem
313 1227 409 1256 elevat
419 1229 428 1245 ⁸
443 1238 448 1256 :
468 1229 522 1262 Qui
535 1233 644 1264 sperant
660 1231 690 1257 in
704 1232 815 1258 Domino
826 1251 835 1264 ,
850 1239 909 1258 mu-

134 1273 227 1300 tabunt
252 1275 443 1307 fortitudinem
454 1296 464 1310 ‚
490 1280 517 1303 et
544 1280 679 1303 assument
705 1285 808 1312 pennas
819 1299 826 1309 ‚
852 1279 908 1305 etc.

132 1319 159 1346 4.
170 1318 284 1347 Salvat⁷
295 1329 302 1348 :
315 1321 368 1354 Qui
375 1322 464 1349 salvos
475 1323 544 1356 facit
554 1326 690 1358 sperantes
701 1325 730 1350 tn
741 1331 778 1351 se.
791 1326 817 1351 ὕ.
828 1325 909 1352 Tem-

131 1365 248 1400 poralia
261 1367 424 1395 ministrat⁸
441 1377 447 1395 z
464 1369 542 1396 Oculi
556 1371 675 1397 omnium
692 1371 721 1397 tn
736 1373 761 1397 te
777 1373 889 1405 sperant
899 1393 908 1403 ,

132 1413 244 1440 Domine
254 1434 263 1448 ,
278 1416 332 1441 etc.

168 1460 238 1496 Spes
253 1460 352 1488 multis
369 1461 458 1489 rebus
477 1464 665 1498 comparatur
679 1472 686 1490 :
707 1463 815 1491 dicitur
829 1465 909 1492 enim

133 1507 157 1533 1.
175 1506 299 1542 galea⁹:
322 1507 419 1534 Induez'
435 1509 538 1542 galeam
552 1510 659 1536 salutis.
676 1510 702 1536 2.
719 1510 855 1538 Anchora
866 1511 887 1527 ¹⁰
901 1521 907 1539 :

135 1552 188 1584 Qui
207 1553 374 1588 confugimus
395 1555 432 1581 ad
456 1555 595 1582 tenendam
618 1558 789 1590 propositam
815 1565 908 1592 spem,

132 1607 210 1633 quam
225 1601 295 1627 sicut
310 1601 453 1628 anchoram
468 1601 591 1629 habemus
607 1604 704 1630 anivnoe
719 1606 806 1631 tutam
821 1613 852 1631 ac
864 1606 909 1639 fir-

132 1653 211 1673 mam.
238 1648 264 1673 3.
286 1646 428 1674 Medicina
442 1648 459 1664 ¹¹
479 1657 484 1675 :
503 1650 620 1683 Sperans
644 1650 674 1676 in
698 1651 828 1682 Domino,
855 1653 908 1678 ete.

133 1694 158 1719 t.
182 1694 302 1720 Gemma
313 1693 351 1720 ¹²:
369 1694 476 1721 Gemma
491 1697 648 1729 gratissima
668 1698 837 1731 expectatio,
855 1700 908 1725 etc.

133 1740 160 1765 5.
181 1738 323 1766 Solatium
337 1739 358 1756 ¹³
372 1749 379 1766 ε
396 1741 583 1768 Fortissimum
602 1743 729 1769 solatium
747 1743 908 1775 habeamus,

133 1787 181 1820 qui
188 1786 354 1820 confuqz'mus
366 1787 402 1814 ad
412 1787 553 1815 tenendam
560 1790 729 1823 propositam
739 1790 814 1817 nobis
826 1797 909 1824 spem.

134 1833 158 1858 6.
170 1831 282 1864 Clavis;
298 1832 399 1860 Glossa
413 1841 501 1869 super
513 1834 588 1861 illud
601 1834 705 1863 Psalmi
718 1836 747 1870 ’ἢ
760 1836 871 1871 Spei-ate
882 1839 911 1864 i'n

134 1879 247 1905 Domino
262 1887 271 1906 :
285 1889 298 1904 α
313 1880 365 1907 Per
385 1888 468 1916 spem
483 1881 562 1908 enim
581 1881 705 1909 intratur
724 1882 762 1910 ad
778 1883 853 1911 illud
868 1884 911 1911 vi-

135 1924 267 1953 dendum
283 1926 364 1961 quod
380 1926 518 1954 creditur.
535 1936 549 1952 »
567 1929 591 1954 7.
609 1928 733 1963 Lignum
749 1929 814 1957 vitae
826 1930 864 1957 ¹⁵:
881 1931 912 1958 St

134 1979 221 1998 coram
236 1972 385 2000 hominibus
401 1976 532 2001 tormenta
545 1976 622 2009 passi
635 1978 713 2010 sunt,
729 1983 789 2012 spes
804 1978 911 2005 illorum

134 2019 339 2046 immortalitate
350 2020 430 2055 plena
445 2023 493 2048 est.

360 2114 527 2148 CAPUT
560 2107 680 2150 xxv.

418 2186 454 2212 De
475 2186 624 2214 Charitate.

170 2253 299 2281 Charitas
312 2254 473 2281 secundum
482 2255 654 2289 Apostolum
669 2256 709 2282 sic
725 2256 863 2285 definitur
873 2259 890 2273 ¹⁵
902 2268 909 2286 ε

136 2300 260 2327 Charitas
281 2303 319 2327 est
338 2302 400 2333 finis
412 2302 542 2335 proeceptt‘
557 2302 589 2328 de
607 2302 683 2329 corde
697 2311 765 2337 puro
777 2324 784 2336 ‚
802 2306 855 2331 etc.
880 2306 911 2331 Et

134 2347 258 2375 sumitur
272 2347 319 2374 hic
332 2349 395 2381 finis
408 2355 459 2382 pro
474 2349 743 2382 consummatione,
759 2350 831 2385 quia
845 2351 911 2379 eha-

134 2394 202 2421 ritas
214 2395 256 2422 est
271 2393 486 2422 consummatio
499 2394 559 2421 sive
575 2394 715 2430 perfectio
729 2396 825 2423 omnis
840 2405 911 2432 proe-

168 2492 174 2506 ¹
195 2491 262 2514 Psal.
288 2497 353 2517 xxx,
376 2493 398 2515 2.
417 2504 448 2508 -
469 2492 478 2507 ²

134 2532 228 2556 ¹xxviii,
243 2529 281 2551 ἕξ».
294 2539 323 2544 -
338 2527 347 2542 ⁸
361 2526 429 2550 Psol.
446 2533 499 2557 xxi,
516 2528 539 2550 5.
556 2540 586 2544 —
601 2528 610 2543 Β
628 2528 812 2558 lltlloch..v11,
829 2531 866 2554 20.
880 2543 910 2548 -

133 2564 135 2570 ’
155 2562 213 2590 Iso„
230 2568 276 2592 u,
297 2564 334 2586 31,
352 2575 381 2580 -·
396 2563 405 2579 ⁷
421 2562 489 2586 Psal.
505 2568 562 2592 xri,
578 2565 602 2586 7.
618 2576 649 2580 —
664 2564 671 2576 ⁸
686 2564 751 2587 Psal.
768 2570 855 2593 (Ἁιιν,
872 2567 908 2590 15.

131 2597 199 2620 -ΒΙ
216 2597 305 2627 leess.,
320 2603 344 2628 v,
360 2600 382 2622 8.
400 2611 428 2615 —
446 2599 466 2614 ¹⁰
477 2598 559 2628 Helm,
577 2604 611 2629 vi,
630 2599 666 2623 19.
682 2612 707 2616 ——
728 2600 747 2616 ¹¹
762 2601 830 2624 Psal.
848 2607 907 2631 xxv,

134 2632 195 2657 l.—
212 2633 605 2665 ¹21⁷rov.,xv11‚8.-¹⁸Hebr.‚
618 2636 744 2664 x'1,18.—
762 2636 906 2667 ¹⁴Psal.1x·‚

502 2491 567 2514 Psal.
588 2497 668 2520 xxm,
693 2494 730 2516 20.
749 2505 778 2509 —
798 2494 806 2507 ³
826 2494 909 2524 Pron„

487 180 744 213 COMPENDIUM
766 181 1026 216 THEOLOGICAE
1046 184 1267 218 VERlTATIS.
1289 186 1365 219 LlB.
1386 163 1424 219 V.

973 251 1170 288 eeptisPotest
1184 253 1272 283 etiam
1289 253 1349 283 dici
1363 252 1435 284 -finis
1451 253 1747 287 ten-minationem-

971 298 1056 327 nium
1075 302 1290 336 praeceptorum
1301 321 1310 336 ,
1332 301 1404 338 quia
1424 301 1527 332 omnia
1545 308 1638 338 opera
1647 323 1657 338 ,
1680 310 1746 339 quae

971 347 1039 373 sunt
1055 345 1087 374 in
1108 349 1275 384 praecepto,
1297 347 1422 376 tendunt
1442 347 1482 376 ad
1499 347 1692 384 obas-itatem,
1714 351 1747 378 ut

968 392 1066 428 magis
1079 401 1114 422 ae
1128 393 1224 429 magis
1237 394 1392 423 habeatur.
1413 395 1452 422 De
1466 395 1544 423 corde
1555 403 1644 430 puro,
1659 395 1691 424 id
1704 397 1748 427 est

970 438 1120 468 intellectu
1133 449 1225 477 puro,
1240 441 1312 469 dicit
1325 441 1444 477 Glossa3
1460 443 1488 471 et
1503 442 1628 471 sumitur
1639 442 1688 470 hic
1698 442 1747 473 ,in-

969 485 1101 515 tellectus
1114 495 1170 524 pro
1184 489 1250 516 actu
1263 488 1465 524 intelligendi,
1480 489 1646 518 secundum
1655 497 1746 526 quem

970 535 1107 562 causatur
1129 537 1228 563 motus
1253 535 1411 563 charitatis.
1437 536 1552 569 Quanto
1575 536 1656 565 enim
1678 536 1745 572 quis

970 580 1062 608 Deum
1074 581 1169 617 magis
1182 581 1334 617 intelligit,
1352 584 1434 611 tanto
1448 583 1544 618 magis
1557 582 1655 618 diligit
1664 603 1675 618 ,
1688 583 1745 612 nisi

969 625 1043 654 alias
1063 627 1252 664 impediatur.
1277 630 1311 656 Et
1331 629 1379 657 hic
1402 628 1457 657 ista
1480 629 1670 666 praepositio,
1694 630 1744 663 de,

969 675 1051 701 notat
1073 681 1195 702 causam
1214 674 1399 703 efficientem.
1424 677 1459 703 Et
1477 678 1640 704 conscientia
1659 677 1744 711 bona,

969 718 1001 746 id
1019 722 1079 754 est,
1100 728 1172 756 spe,
1194 721 1265 757 quia
1285 722 1337 758 qui
1357 730 1465 758 puram
1483 722 1574 751 habet
1592 723 1744 752 eonscien-

969 766 1039 794 tiam
1049 788 1058 801 ,
1072 775 1174 795 secure
1188 770 1295 804 sperat.
1311 770 1347 796 Et
1359 769 1412 803 fide
1425 777 1478 796 non
1491 771 1571 811 ficta,
1587 769 1617 798 id
1630 771 1694 804 est,
1704 769 1742 806 (a)

969 813 1106 841 simulata
1126 813 1175 841 vel
1197 814 1314 850 fragili,
1339 815 1393 843 sed
1415 815 1491 843 inter
1514 816 1642 844 adversa
1662 815 1741 845 sorti.

968 860 1102 895 Prosper,
1118 859 1149 887 in
1163 860 1240 888 libro
1252 861 1286 888 de
1303 862 1370 889 Vita
1383 863 1592 897 contemplativa
1603 884 1611 894 ,
1633 862 1743 891 deseri-

968 905 1012 933 bit
1026 906 1195 934 charitatem
1210 907 1252 935 sic
1264 907 1284 924 ¹⁷
1298 916 1304 935 :
1321 917 1334 934 ι(
1347 908 1488 942 CharitaS,
1504 911 1556 944 est,
1570 910 1602 936 ut
1615 909 1687 938 mihi
1702 909 1744 939 vi-

968 952 1064 987 detur,
1086 956 1165 981 recta
1178 954 1315 983 voluntas
1336 954 1375 983 ab
1395 955 1536 984 omnibus
1550 956 1694 991 terrenis,
1712 958 1744 986 et

967 1000 1176 1035 praesentibus,
1197 1008 1231 1029 ae
1250 1001 1354 1029 futuris
1369 1009 1490 1037 prorsus
1505 1009 1627 1037 aversa,
1641 1002 1743 1037 juncta

968 1047 1026 1074 Deo
1041 1047 1275 1083 inseparabiliter
1289 1050 1318 1076 et
1331 1048 1432 1082 unita,
1447 1048 1516 1084 igne
1531 1049 1664 1085 quodam
1679 1050 1739 1086 Spi-

966 1093 1039 1120 ritus
1058 1094 1150 1121 sancti
1162 1115 1171 1129 ‚
1191 1102 1208 1122 a
1227 1102 1288 1130 quo
1307 1096 1369 1129 est,
1389 1097 1417 1123 et
1435 1095 1475 1123 ad
1495 1103 1586 1132 quem
1606 1095 1742 1131 refertur,

965 1139 1105 1174 incensa,
1134 1141 1349 1177 inquinamenti
1372 1141 1469 1170 omnis
1492 1144 1651 1176 extranea,
1676 1150 1742 1170 cor-

966 1187 1064 1223 rumpi
1080 1188 1188 1222 nescia,
1204 1188 1278 1216 nulli
1294 1188 1365 1216 vitio
1380 1188 1583 1216 mutabilitatis
1598 1189 1741 1223 obnoxia,

966 1241 1054 1269 super
1077 1234 1197 1268 omnia,
1227 1243 1293 1271 quae
1315 1235 1470 1263 carnaliter
1494 1235 1667 1271 diliguntur,
1692 1243 1742 1264 ex—

966 1280 1045 1308 celsa
1055 1301 1064 1314 ,
1079 1281 1269 1309 affectionum
1283 1282 1419 1309 omnium
1433 1282 1651 1318 potentissima,
1668 1282 1742 1312 divi-

966 1335 1010 1355 noe
1025 1328 1282 1364 contemplationis
1303 1329 1391 1356 avida
1402 1350 1410 1363 ‚
1426 1329 1457 1356 in
1472 1329 1611 1357 omnibus
1625 1337 1742 1365 semper

966 1374 1073 1402 invicta
1083 1396 1090 1408 ,
1104 1383 1221 1403 summa
1235 1375 1385 1403 bonarum
1400 1375 1570 1410 actionum,
1585 1376 1665 1404 salus
1679 1383 1742 1404 mo-

965 1429 1050 1456 rum,
1072 1421 1138 1449 finis
1157 1422 1318 1450 coelestium
1334 1424 1568 1458 praeceptorum,
1587 1431 1668 1452 mors
1688 1424 1741 1452 cri-

966 1468 1080 1496 minum
1092 1490 1099 1503 ‚
1129 1468 1189 1496 vita
1216 1468 1376 1502 virtutum,
1404 1469 1496 1496 virtus
1523 1471 1720 1505 pugnantium
1731 1493 1740 1506 ‚

966 1515 1067 1550 palma
1087 1516 1256 1551 justorum,
1285 1517 1453 1544 sanctarum
1477 1517 1620 1545 mentium
1643 1525 1741 1546 arma-

967 1563 1051 1596 tura,
1082 1570 1171 1590 causa
1193 1563 1366 1591 meritorum
1390 1563 1558 1596 bonorum,
1587 1564 1742 1600 praemium

966 1608 1163 1644 perfectorum
1178 1618 1184 1636 :
1201 1609 1263 1636 sine
1275 1617 1336 1645 qua
1349 1610 1450 1637 nullus
1463 1611 1520 1637 Deo
1535 1610 1658 1646 placuit5
1674 1619 1742 1639 cum

967 1663 1027 1690 qua
1038 1655 1145 1691 aliquis
1156 1657 1213 1683 Deo
1226 1656 1381 1691 displicere
1394 1664 1455 1684 non
1467 1657 1562 1692 potuit
1575 1665 1580 1683 :
1594 1656 1744 1686 fructuosa

967 1701 997 1728 in
1021 1702 1249 1737 poenitentibus,
1273 1702 1338 1730 laeta
1361 1703 1390 1729 in
1412 1702 1653 1738 proficientibus,
1678 1703 1742 1738 glo-

967 1747 1046 1775 riosa
1064 1748 1094 1775 in
1115 1749 1389 1783 perseverantibus,
1412 1748 1571 1776 victoriosa
1590 1749 1620 1776 in
1634 1752 1744 1785 marty-

967 1794 1049 1822 ribus
1061 1815 1069 1827 ,
1093 1802 1223 1829 operosa
1237 1794 1267 1821 in
1282 1794 1422 1822 omnibus
1444 1795 1566 1822 omnino
1583 1795 1723 1823 fidelibus
1733 1816 1743 1831 ‚

968 1849 1003 1868 ex
1019 1849 1079 1877 qua
1094 1841 1243 1877 quidquid
1258 1843 1301 1868 est
1315 1841 1386 1869 boni
1401 1841 1499 1877 operis
1513 1841 1595 1869 vivit⁴
1610 1852 1623 1867 »

1003 1888 1133 1916 Charitas
1143 1890 1287 1923 quantum
1300 1887 1338 1915 ad
1350 1889 1447 1915 actum
1463 1887 1604 1916 diffinitur
1617 1890 1745 1924 quatuor

967 1935 1073 1962 modis.
1092 1935 1188 1962 Primo
1203 1934 1243 1962 sic
1259 1934 1288 1961 in
1304 1934 1387 1962 tertio
1402 1934 1480 1962 libro
1495 1936 1695 1963 Sententiarum
1709 1936 1743 1963 ¹⁸:

971 1992 984 2007 «
996 1981 1126 2009 Charitas
1140 1983 1182 2008 est
1196 1980 1313 2008 dilectio
1323 2002 1330 2013 ,
1345 1988 1404 2017 qua
1419 1980 1552 2016 diligitur
1568 1983 1640 2009 Deus
1654 1990 1744 2018 prop-

968 2030 1010 2055 ter
1025 2036 1066 2061 se,
1078 2030 1105 2055 et
1118 2027 1272 2063 proximus
1281 2030 1402 2063 propter
1413 2029 1515 2061 Deum,
1529 2030 1556 2055 et
1570 2028 1599 2055 in
1615 2030 1716 2056 Deum.
1728 2039 1742 2055 ι)

967 2074 1102 2103 Secundo
1118 2074 1158 2101 sic
1175 2083 1181 2101 :
1198 2074 1294 2107 «Quid
1310 2077 1351 2102 est
1365 2074 1510 2102 charitas?
1525 2075 1587 2103 Vita
1601 2075 1744 2110 copulans

967 2123 1117 2149 amantem
1143 2129 1211 2148 cum
1231 2122 1369 2148 amato.»
1395 2121 1489 2148 Tertio
1511 2121 1552 2148 sic
1578 2122 1743 2149 secundum

967 2168 1182 2203 Augustinum:
1203 2178 1216 2191 υ
1238 2167 1368 2194 Charitas
1391 2169 1433 2194 est
1451 2167 1542 2194 virtus
1565 2175 1624 2202 qua
1642 2167 1742 2196 videre

968 2216 1059 2242 Deum
1076 2217 1103 2242 et
1121 2213 1231 2249 perfrui
1252 2213 1464 2240 desideramus,
1481 2223 1493 2238 »
1519 2214 1626 2246 Quarto
1642 2214 1682 2241 sic
1699 2222 1743 2242 se—

967 2261 1099 2289 cundum
1126 2259 1317 2294 Augustinum
1335 2268 1340 2286 :
1372 2268 1385 2284 «
1408 2259 1538 2286 Charitas
1564 2263 1606 2287 est
1633 2261 1739 2296 virtus,

968 2317 1033 2343 quae
1052 2306 1142 2334 animi
1161 2306 1251 2333 nostri
1271 2305 1431 2333 rectissima
1452 2306 1567 2334 affectio
1587 2309 1638 2334 est.
1655 2317 1668 2333 »
1686 2309 1740 2335 lla-

966 2362 1032 2381 rum
1045 2352 1254 2381 diffinitionum
1269 2352 1365 2388 prima
1375 2352 1461 2380 datur
1475 2353 1505 2380 iu
1520 2354 1740 2389 comparatione

967 2400 1005 2428 ad
1028 2401 1133 2433 Deum3
1155 2398 1299 2432 secunda,
1322 2398 1352 2425 in
1372 2399 1593 2434 comparatione
1617 2400 1655 2427 ad
1679 2400 1741 2434 ejus

966 2454 1184 2482 possessorem;
1203 2445 1301 2478 tertia,
1326 2445 1355 2472 in
1379 2446 1599 2481 comparatione
1624 2446 1662 2473 ad
1687 2448 1741 2474 ter-

967 2521 988 2543 ῦ.
1003 2533 1032 2537 -
1050 2520 1068 2536 ¹⁵
1082 2519 1335 2550 Sap,111,4.—'⁶l
1354 2519 1425 2548 Tim..
1441 2525 1459 2550 1,
1474 2521 1497 2544 5.
1514 2532 1544 2537 —-
1561 2519 1580 2534 ¹⁷
1595 2521 1693 2549 Prosp„
1710 2519 1740 2543 rie

970 2556 1017 2579 rie.
1036 2554 1185 2585 contempl„
1204 2553 1247 2578 lib.
1266 2555 1307 2583 tv,
1327 2562 1349 2578 e.
1368 2561 1424 2579 Χιιι,
1443 2567 1471 2573 -
1493 2554 1513 2572 ¹⁹
1532 2554 1588 2579 Vid.
1606 2554 1658 2585 liuj.
1678 2555 1738 2579 edit.

966 2593 1028 2614 tom.
1047 2591 1088 2620 lV,
1104 2597 1127 2621 p.
1144 2591 1189 2614 502
1207 2591 1231 2613 et
1246 2597 1299 2621 seq.

999 2638 1031 2668 (a)
1046 2637 1132 2669 Suppt.
1147 2643 1208 2661 non.
