2004 3037
526 239 577 271 DE
598 236 956 271 SACRAMENTORUM
976 236 1162 270 VIRTUTE.
1187 237 1274 270 CAP.
1299 236 1412 270 ΙΙΙ-Ν.

164 307 271 335 cretius
286 308 435 343 operatur.
453 317 466 332 η
484 307 531 334 Est
545 307 574 334 et
587 305 670 334 tertia
683 305 822 333 diffinitio
844 306 940 341 liugo-

163 355 209 383 nis
237 355 274 384 de
290 356 396 383 Sancto
420 355 550 390 Victore,
566 354 618 391 qui
637 353 695 382 ait¹
713 363 720 381 :
739 364 752 381 «
767 355 939 382 Sacramen-

162 403 225 430 tum
240 403 283 430 est
296 401 447 430 materiale
460 401 638 429 elementum
653 401 832 429 extrinsecus
845 400 940 429 oculis

162 448 365 484 suppositum,
389 456 424 476 ex
445 447 625 476 institutione
645 447 815 483 significans
826 468 834 482 ,
851 455 887 475 ex
902 447 940 474 si-

163 495 328 523 militudine
342 496 571 530 repraesentans,
587 502 625 522 ex
639 494 870 522 sanctificatione
885 493 939 522 ali-

162 549 254 578 quam
268 541 392 577 gratiam
405 541 586 569 invisibilem
600 541 763 569 conferens.
778 551 791 568 »
809 541 874 569 Tria
888 549 938 569 au-

163 590 221 616 tem
234 588 282 616 hic
297 589 468 623 tanguntur,
485 596 551 624 quae
574 590 642 616 sunt
656 588 693 616 de
709 588 822 616 ratione
839 589 938 617 Sacra-

161 634 252 663 menti
274 634 369 662 stricte
394 637 426 662 et
453 635 573 671 proprie
596 635 715 671 sumpti.
744 635 875 663 Primum
898 637 940 662 est

161 681 303 710 naturalis
317 681 494 717 similitudo,
512 690 548 709 ex
563 689 624 718 qua
637 681 728 710 habet
742 681 938 718 aptitudinem

161 727 357 764 significandi.
378 728 549 757 Secundum
572 731 615 757 est
633 729 755 758 actualis
776 729 938 763 institutio,

161 782 198 803 ex
212 782 272 810 qua
287 775 378 803 habet
402 775 538 803 ordinem
554 775 784 804 determinatum
802 777 938 812 respectu

160 821 248 857 hujus
262 821 428 857 significati.
445 822 572 850 Tertium
584 825 626 851 est
638 823 797 859 spiritualis
812 823 938 851 sanctifi-

161 868 256 902 catio,
277 877 313 896 ex
337 877 397 905 qua
419 869 510 897 habet
529 869 667 897 virtutem
691 870 839 898 efficiendi
862 870 938 897 illud

161 914 368 950 significatum.
392 917 463 943 Item
479 915 549 944 dicit
567 916 745 951 Augustinus
757 915 768 931 ²
782 916 866 953 quod
887 917 936 944 Sa-

161 964 345 990 cramentum
360 964 402 990 est
416 970 506 990 sacrae
519 963 562 990 rei
585 963 720 998 signum;
737 963 817 991 istud
839 965 938 991 autem

160 1016 222 1036 non
237 1010 279 1037 est
293 1009 445 1044 diffinitio,
460 1009 514 1037 sed
528 1009 626 1045 potius
641 1010 824 1046 etymologia
837 1011 938 1039 Sacra-

161 1055 261 1083 menti.
487 1064 491 1067 ·

435 1106 578 1140 CAPUT
602 1107 659 1140 III.

238 1177 275 1203 De
294 1175 474 1204 sacramentis
493 1184 567 1204 novoe
587 1177 670 1211 legis,
690 1184 735 1204 seu
754 1178 858 1211 qratiae.

195 1244 383 1271 Sacramenta
412 1243 486 1279 legis
515 1244 615 1279 gratiae
642 1244 771 1272 Christus
794 1244 917 1272 instituit
927 1266 936 1280 ‚

160 1292 303 1326 tanquam
330 1299 415 1318 novae
447 1291 520 1326 legis
541 1292 635 1327 lator,
667 1291 698 1319 in
730 1300 790 1328 qua
826 1300 937 1320 vocans

160 1337 200 1364 ad
224 1337 346 1373 praemia
360 1359 370 1372 ‚
398 1337 480 1365 dedit
503 1340 668 1375 praecepta,
695 1338 818 1366 instituit
839 1346 937 1367 sacra-

160 1386 269 1412 menta.
286 1384 415 1412 Christus
435 1385 515 1412 enim
529 1385 658 1413 Verbum
679 1386 789 1419 Patris,
812 1394 881 1413 eum
902 1385 938 1413 sit

159 1439 282 1458 summae
300 1431 440 1459 bonitatis
461 1434 488 1459 et
507 1440 630 1459 summae
653 1433 800 1466 veritatis,
821 1432 936 1460 ratione

159 1486 282 1505 summae
290 1478 430 1505 bonitatis
441 1478 576 1514 promisit
584 1478 709 1514 praemia
718 1479 935 1514 beatificantia3

159 1524 271 1552 ratione
286 1525 415 1553 veritatis
435 1524 517 1552 dedit
531 1527 677 1560 praecepta
692 1525 868 1561 dirigentia;
889 1534 936 1554 ra-

159 1571 238 1599 tione
253 1571 365 1599 virtutis
384 1571 506 1599 instituit
527 1574 709 1600 sacramenta
731 1572 904 1607 adjuvantia
929 1582 935 1600 :

159 1621 190 1646 ut
204 1618 245 1645 sic
259 1626 312 1654 per
333 1620 517 1646 sacramenta
537 1620 692 1654 reparetur
711 1619 804 1646 virtus
822 1620 861 1647 ad
881 1619 936 1647 im-

159 1665 270 1701 plenda
284 1666 448 1701 praecepta,
470 1667 497 1692 et
511 1673 564 1700 per
583 1667 729 1701 praecepta
747 1666 937 1701 perveniatur

159 1712 198 1739 ad
210 1711 342 1748 praemia.
357 1711 480 1739 Instituit
492 1713 591 1739 autem
604 1714 788 1740 sacramenta
798 1713 828 1740 in
840 1713 937 1741 verbis

160 1761 187 1786 et
202 1759 364 1793 elementis,
383 1761 413 1786 ut
427 1758 467 1786 ait
476 1758 654 1793 Augustinus
668 1760 678 1775 ³
693 1768 699 1786 ε
719 1759 857 1787 «Accedit
872 1768 936 1787 ver-

159 1806 233 1833 bum
248 1806 286 1833 ad
302 1806 491 1840 elementum,
500 1808 527 1833 et
541 1805 573 1833 fit
582 1808 800 1833 sacramentum
810 1815 816 1833 :
827 1817 840 1833 ³>
857 1809 885 1834 et
895 1809 937 1835 est

159 1853 200 1880 ibi
214 1852 392 1880 elementum
403 1861 459 1889 pro
472 1853 604 1887 materia,
621 1854 649 1880 et
662 1852 758 1881 forma
772 1853 935 1881 verborum

159 1908 213 1935 pro
236 1899 342 1927 forma.
365 1899 410 1926 Ad
431 1899 489 1926 hoc
507 1906 578 1926 vero
601 1899 732 1927 instituta
754 1902 822 1927 sunt
840 1908 937 1928 sacra-

159 1948 257 1973 menta
270 1946 301 1973 in
315 1945 410 1973 verbis
425 1948 452 1973 et
466 1946 619 1973 elementis
631 1967 639 1980 ,
661 1948 694 1974 ut
715 1947 860 1975 haberent
875 1948 936 1976 evi-

160 1992 290 2020 dentiam
321 1992 526 2027 significandi,
556 1995 584 2020 et
611 1993 774 2021 efficaciam
805 1995 936 2022 sanctifi-

161 2038 267 2066 candi:
285 2039 356 2075 quia
366 2038 440 2065 dum
455 2039 600 2066 elementa
615 2040 720 2073 oculis,
736 2042 763 2067 et
776 2041 869 2068 verba
883 2050 936 2069 au-

160 2086 241 2113 ribus
252 2093 282 2113 se
298 2086 424 2113 offerunt
433 2106 441 2119 ‚
455 2085 507 2120 qui
521 2087 588 2112 sunt
599 2086 660 2113 duo
674 2094 775 2114 sensus
787 2088 935 2123 praecipue

160 2132 372 2168 cognoscitivi‚
402 2132 474 2159 dant
500 2131 679 2159 evidentiam
703 2133 934 2167 significationis.

160 2179 270 2207 Deinde
285 2178 377 2206 verba
393 2178 573 2206 sanctificant
591 2179 754 2213 elementa,
770 2182 802 2207 ut
821 2180 937 2215 plenior

159 2227 210 2254 fiat
224 2227 362 2254 humanae
378 2226 533 2254 creationis
549 2226 690 2254 efficacia.

196 2273 319 2302 Instituit
328 2275 429 2300 autem
441 2274 514 2300 Deus
527 2276 709 2301 sacramenta
720 2274 934 2303 diversimode:

161 2320 299 2356 quaedam
315 2319 424 2346 scilicet
438 2321 505 2346 ante
528 2319 690 2347 adventum
705 2328 808 2355 suum,
833 2324 864 2349 ut
879 2324 937 2350 Ma-

161 2366 332 2394 trimonium
344 2387 353 2400 ,
369 2368 396 2393 et
410 2366 626 2401 Poenitentiam3
642 2367 694 2394 sed
712 2367 774 2394 haec
790 2368 850 2395 duo
866 2376 936 2395 con-

161 2414 289 2441 firmavit
314 2415 341 2440 et
366 2413 583 2440 consummavit
602 2413 632 2440 in
653 2413 717 2448 lege
743 2415 936 2450 evangelica,

163 2461 235 2488 dum
249 2460 452 2496 poenitentIam
473 2460 661 2495 praedicavit,
679 2463 706 2488 ct
721 2462 830 2497 nuptiis
850 2462 936 2490 inter-

162 2507 235 2542 fuit3
261 2507 318 2534 alia
341 2506 473 2542 quinque
496 2509 680 2535 sacramenta
701 2508 782 2535 solus
808 2509 937 2537 Christus

163 2553 286 2581 initiavit
298 2563 303 2580 :
315 2553 575 2581 confirmationem
586 2554 717 2589 quidem,
730 2555 862 2590 parvulis
875 2565 937 2584 ma·

164 2608 236 2628 num
250 2600 448 2635 imponend03
465 2600 639 2629 Unctionem
654 2609 725 2630 vero
736 2623 745 2636 ‚
773 2602 937 2639 discipulos

196 2700 203 2715 ¹
224 2698 288 2728 Hug.
312 2698 343 2721 de
363 2699 390 2722 S.
409 2698 485 2729 Viet„
505 2699 535 2723 de
552 2699 681 2731 Sacram,
702 2700 744 2725 lib.
764 2702 792 2732 l,
810 2704 875 2733 part.
895 2703 937 2733 lx,

1716 238 1775 267 203

996 305 1037 334 ad
1052 304 1218 333 curandum
1232 305 1393 340 mittendo,
1406 304 1458 342 qui
1473 304 1609 333 infirmos
1622 303 1776 340 ungebant

997 351 1064 380 oleo
1074 373 1083 386 ‚
1097 352 1173 380 sicut
1187 351 1310 380 dicitur⁶
1324 351 1354 379 in
1369 353 1478 385 Marma,-
1495 351 1677 388 Baptismum
1690 358 1773 385 vero,

996 398 1203 434 suscipiendo,
1220 398 1329 426 deinde
1352 397 1480 426 formam
1496 398 1618 433 dand03
1634 397 1774 426 Ordinem

996 447 1111 479 autem,
1127 447 1301 482 potestatem
1315 444 1429 479 ligandi
1445 445 1473 472 et
1487 445 1624 472 solvendi
1639 444 1773 472 tribuen-

998 492 1053 526 do,
1077 494 1105 520 et
1131 491 1308 520 conficiendi
1327 492 1548 519 Sacramentum
1573 491 1673 519 altaris
1682 501 1689 526 ;
1715 492 1773 518 Eu-

996 539 1164 567 eharistiam
1179 541 1292 573 autem,
1320 538 1492 574 operando,
1517 537 1722 574 comparando
1741 545 1772 566 se

997 594 1090 621 grano
1105 585 1233 621 sinapis,
1257 588 1285 612 et
1306 584 1492 612 conficiendo
1509 592 1543 612 ac
1563 584 1664 612 dando
1686 584 1774 611 disci-

995 632 1085 668 pulis,
1093 632 1266 660 imminente
1281 632 1429 668 passione,
1441 632 1663 659 Sacramentum
1671 638 1775 666 corpo-

994 679 1034 706 ris
1050 681 1077 707 et
1092 679 1243 714 sanguinis
1257 679 1312 706 sui.
1331 679 1462 707 Instituta
1480 680 1548 706 sunt
1569 678 1658 706 etiam
1681 685 1774 705 sacra-

994 727 1095 754 menta
1108 725 1265 762 multiplici
1277 726 1314 754 de
1329 733 1418 753 causa
1431 735 1439 753 ;
1455 725 1553 761 primo
1563 745 1570 758 ,
1587 727 1708 761 propter
1721 725 1774 752 hu-

995 772 1201 808 miliationem,
1218 780 1279 809 qua
1292 773 1384 800 homo
1401 772 1505 808 quaerit
1518 771 1643 799 salutem
1657 770 1774 798 inferio-

994 820 1078 847 ribus
1095 828 1125 847 se
1146 819 1349 855 subjiciend03
1369 819 1517 853 secundo,
1541 820 1663 855 propter
1678 818 1775 845 erudi-

995 866 1116 901 tionem,
1128 875 1189 903 qua
1198 867 1290 895 homo
1301 874 1354 902 per
1366 866 1495 894 visibilia
1510 865 1549 893 ad
1564 865 1775 900 cognoscenda

995 913 1156 941 invisibilia
1179 914 1309 949 rapitur;
1327 913 1410 941 tertio
1423 934 1431 947 ,
1452 914 1574 949 propter
1593 912 1774 940 exercitatio-

994 969 1064 988 nem
1073 982 1082 996 ,
1093 969 1154 997 qua
1165 962 1257 988 homo
1268 961 1391 989 noxiam
1404 960 1532 988 declinet
1546 960 1774 996 occupationem

995 1010 1023 1036 et
1037 1008 1146 1042 otium3
1162 1012 1280 1044 quarto,
1296 1010 1418 1044 propter
1433 1007 1649 1043 congruitatem
1666 1007 1773 1035 medici

995 1055 1034 1082 ad
1049 1055 1245 1089 medicinam,
1259 1055 1330 1091 quia
1350 1063 1417 1082 cum
1437 1054 1571 1082 medicus
1587 1055 1622 1082 sit
1636 1056 1727 1089 Deus,
1747 1056 1774 1082 et

994 1102 1085 1130 homo
1106 1105 1232 1137 aegrotus
1250 1124 1258 1137 ,
1286 1103 1483 1137 congruenter
1509 1101 1658 1129 medicina
1685 1101 1774 1128 (lebet

994 1149 1144 1176 continere
1160 1149 1274 1185 aliquid
1291 1149 1437 1183 divinum,
1463 1148 1572 1176 scilicet
1592 1148 1773 1176 invisibilem

994 1195 1138 1231 gratiam,
1155 1198 1182 1223 et
1203 1195 1317 1231 aliquid
1341 1195 1523 1229 humanum,
1543 1195 1654 1222 scilicet
1673 1195 1774 1222 visibi-

993 1242 1053 1270 lem
1064 1242 1164 1278 gratiae
1177 1241 1305 1270 formam
1315 1251 1323 1277 3
1342 1242 1457 1278 quinto,
1468 1244 1590 1278 propter
1603 1242 1772 1277 congruita-

995 1291 1054 1318 tem
1079 1298 1115 1317 ex
1139 1291 1221 1326 parte
1241 1289 1370 1324 infirmi,
1397 1290 1468 1325 quia
1488 1298 1556 1317 cum
1578 1289 1715 1317 infirmus
1738 1289 1774 1317 sit

993 1337 1085 1364 homo
1101 1339 1237 1364 constans
1252 1345 1289 1364 ex
1309 1344 1435 1372 corpore
1459 1338 1486 1364 et
1507 1336 1610 1372 spiritu
1622 1357 1631 1370 ‚
1654 1336 1772 1372 spiritus

993 1388 1092 1413 autem
1107 1385 1137 1412 in
1162 1393 1286 1420 corpore
1302 1393 1362 1412 non
1377 1385 1454 1412 bene
1476 1385 1573 1420 capiat
1588 1384 1753 1420 spiritualia
1763 1406 1771 1419 ,

993 1432 1048 1459 nisi
1063 1432 1093 1459 in
1109 1431 1317 1467 corporalibus
1328 1453 1337 1465 ,
1359 1439 1528 1467 congruum
1548 1431 1603 1458 fuit
1623 1431 1694 1459 dare
1709 1440 1772 1459 me-

993 1479 1159 1506 dicamenta
1183 1479 1348 1514 spiritualia
1375 1478 1406 1505 in
1429 1478 1520 1506 rebus
1541 1478 1769 1514 corporalibus,

992 1526 1066 1553 sieut
1084 1525 1184 1561 pilulae
1204 1525 1235 1552 in
1254 1525 1365 1552 nebula
1384 1525 1505 1559 dantur3
1531 1527 1627 1556 sexto,
1650 1527 1771 1560 propter

992 1572 1265 1607 augmentationem
1290 1571 1387 1599 meriti
1409 1581 1415 1598 :
1442 1571 1568 1598 multum
1595 1571 1675 1598 enim
1694 1571 1772 1599 valet

993 1619 1031 1646 ad
1045 1620 1197 1650 meritum,
1219 1618 1342 1654 quando
1362 1619 1437 1645 Deus
1452 1618 1581 1645 creditur
1595 1618 1626 1645 in
1642 1618 1702 1652 his,
1717 1618 1770 1646 ubi

991 1666 1124 1693 humana
1138 1666 1212 1693 ratio
1227 1673 1288 1692 non
1303 1665 1416 1701 praebet
1431 1665 1678 1701 experimentum.
1691 1666 1770 1693 Patet

992 1720 1062 1747 ergo
1088 1720 1124 1739 ex
1152 1712 1301 1748 praedictis
1318 1733 1327 1745 ,
1356 1720 1422 1747 quae
1452 1712 1487 1739 sit
1514 1713 1770 1739 sacramentorum

992 1767 1080 1787 causa
1095 1759 1241 1793 efficiens,
1255 1759 1326 1795 quia
1340 1758 1442 1786 divina
1456 1758 1613 1793 instituti03
1632 1767 1698 1795 quae
1712 1759 1770 1786 for-

992 1807 1094 1841 malis,
1117 1806 1188 1842 quia
1208 1805 1307 1841 gratiae
1330 1806 1523 1834 sanctificatio
1531 1816 1538 1841 3
1564 1814 1631 1842 quae
1648 1806 1766 1841 finalis,

992 1854 1063 1890 quia
1077 1854 1216 1882 humanae
1230 1853 1407 1880 infirmitatis
1423 1853 1546 1881 curatio.

1266 1948 1408 1981 CAPUT
1433 1948 1491 1982 IV.

1083 2023 1118 2048 De
1138 2021 1230 2055 effectu
1249 2021 1481 2048 Sacramentorum
1501 2028 1576 2047 novoe
1596 2021 1672 2055 legis.

1028 2090 1152 2118 Effectus
1162 2090 1419 2117 sacramentorum
1431 2096 1515 2115 novae
1526 2089 1598 2123 legis
1612 2088 1768 2124 multiplex

993 2139 1036 2164 est
1050 2146 1057 2170 3
1074 2136 1188 2171 primo,
1204 2143 1221 2162 a
1236 2138 1357 2170 peccato
1374 2135 1539 2169 mundant5
1562 2135 1693 2162 secundo
1705 2157 1713 2170 ,
1739 2136 1768 2163 in

992 2183 1073 2210 bono
1090 2184 1280 2216 conservant;
1297 2181 1380 2209 tertio
1392 2202 1401 2215 ,
1417 2182 1536 2217 corpori
1562 2182 1665 2209 Christi
1689 2190 1769 2217 mys-

992 2229 1049 2257 tico
1064 2229 1255 2264 incorporant
1262 2238 1269 2262 3
1293 2230 1419 2264 quarto,
1441 2228 1614 2263 justificant5
1641 2228 1745 2264 quinto
1759 2250 1767 2263 ,

993 2276 1031 2304 ad
1047 2275 1175 2302 futuram
1184 2275 1275 2302 vitam
1290 2277 1458 2310 praeparant
1471 2285 1476 2307 ;
1493 2278 1586 2309 sexto,
1603 2275 1767 2302 erudiendo

992 2323 1161 2351 illuminant
1169 2333 1176 2358 3
1194 2323 1337 2359 septimo,
1363 2332 1380 2351 a
1398 2324 1478 2351 malo
1501 2325 1689 2359 praeservant.
1715 2325 1770 2350 Ista

992 2373 1092 2406 patent
1102 2370 1132 2397 in
1143 2372 1256 2406 septem
1268 2371 1457 2398 sacramentis
1466 2378 1519 2406 per
1532 2370 1668 2397 ordinem
1680 2380 1686 2397 ε
1699 2378 1769 2397 nam

992 2418 1122 2454 primum
1138 2420 1276 2453 operatur
1291 2418 1470 2453 Baptismus;
1489 2418 1670 2451 secundum,
1694 2418 1770 2444 Con·
1814 2438 1816 2440 ,

992 2464 1138 2499 firmatio,
1156 2466 1184 2491 et
1207 2464 1247 2491 sic
1263 2464 1300 2491 de
1324 2464 1396 2492 aliis.
1419 2465 1607 2491 Sacramenta
1631 2464 1769 2491 dicuntur

992 2519 1064 2539 vasa
1078 2512 1177 2546 gratiae
1188 2531 1196 2545 ,
1214 2513 1241 2538 et
1257 2519 1345 2538 causa
1361 2520 1366 2538 :
1384 2519 1443 2538 non
1459 2511 1542 2546 quod
1563 2512 1593 2538 in
1613 2512 1654 2538 eis
1676 2510 1768 2546 gratia

993 2558 1221 2586 substantialiter
1236 2558 1432 2589 contineatur,
1458 2558 1505 2585 vel
1525 2557 1681 2585 causaliter
1704 2557 1766 2584 effi-

993 2604 1095 2640 ciatur,
1112 2613 1178 2632 cum
1194 2605 1225 2632 in
1241 2604 1304 2632 sola
1320 2605 1419 2632 anima
1440 2604 1548 2632 habeat
1563 2603 1719 2637 collocari,
1740 2605 1767 2631 et

993 2674 1015 2691 c.
1035 2673 1109 2691 11.—-
1123 2669 1133 2683 ἓ
1149 2669 1225 2696 Aug..
1240 2667 1272 2690 (le
1287 2666 1363 2690 civit.
1381 2667 1500 2692 Dez·,1ih.
1522 2667 1551 2697 X,
1567 2673 1590 2690 c.
1608 2673 1631 2689 v.
1647 2680 1676 2684 —
1694 2667 1703 2683 ³
1720 2667 1765 2697 1d.‚

993 2703 1019 2726 in
1033 2704 1113 2734 Joan„
1129 2704 1203 2729 tract.
1218 2709 1296 2732 cxxv,
1311 2709 1338 2726 n.
1353 2704 1376 2726 3.
1393 2716 1419 2719 —
1435 2703 1445 2719 ⁴
1460 2704 1548 2732 Marc„
1566 2708 1600 2732 vr,
1618 2704 1657 2729 ¹3.
