2004 3037
251 185 312 216 59⁴

249 247 459 286 multiplicavit
468 248 580 285 pisces,
594 255 658 276 non
671 255 794 285 carnes3
808 247 900 284 unde,
911 249 976 277 Luc.
979 268 990 283 ,
999 255 1028 283 v,

249 298 278 333 6,
288 295 328 325 ad
339 295 520 332 praeceptum
531 294 648 324 Domini
658 294 867 324 concluserunt
875 294 1030 324 mutitudi-

249 351 319 372 nem
328 341 457 380 piscium
467 341 632 378 copiosam.
643 343 789 373 Praeterea,
794 350 888 379 panes
895 343 926 371 et
932 341 1029 379 pisces

247 389 295 418 his
316 388 529 426 multiplicasse
551 387 680 425 legitur,
708 396 865 426 nunquam
892 397 996 418 cernes
1019 398 1026 417 :

247 437 361 472 Manli„
374 444 436 471 mv,
452 436 487 464 de
501 435 636 473 quinque
649 435 780 474 panibus
793 439 822 465 et
836 435 956 465 duobus
969 436 1028 474 pis-

247 483 348 518 cibus;
365 483 402 512 de
418 483 526 512 eodem
540 483 698 516 miraculo,
712 484 811 518 Marc„
824 492 852 512 vi
861 493 870 519 ;
885 485 964 518 Luc„
978 491 1025 519 115

246 530 317 560 item
340 530 378 559 dc
404 530 511 559 eodem
523 551 532 566 ‚
553 531 648 564 soen„
668 539 708 559 vi.
731 532 771 560 De
792 533 906 568 septem
926 533 1027 560 autem

245 577 392 614 panibus,
408 579 436 606 et
450 577 554 614 paucis
575 577 727 614 pisciculis
747 577 787 606 ab
811 577 877 614 ipso
901 578 1026 606 Domino

245 624 457 661 multiplicatis,
468 624 595 653 habetur
608 625 721 660 Mami„
737 632 775 653 xv
781 634 790 660 3
806 625 971 657 Marcam.

282 673 350 700 Post
364 671 613 700 resurrectionem
628 671 729 706 etiam,
744 675 857 709 septem
872 671 1026 708 discipulis

245 718 429 756 piscantibus
439 739 449 754 ,
467 720 495 747 et
509 718 584 747 nihil
598 718 870 760 prehendentibuS‚
888 718 1026 747 manifes-

244 767 317 796 tavit
330 775 360 795 se
374 766 520 801 Salvator,
538 766 641 795 dicens
654 775 662 794 ε
681 776 696 793 α
709 766 809 795 Mittite
822 767 854 794 in
871 766 1025 795 dexteram

243 813 357 850 navigii
379 816 457 848 rete,
481 815 511 842 et
524 813 716 842 invenietis.»
734 815 767 842 Et
790 815 942 842 traxerunt
964 815 1025 842 rete

243 861 368 898 plenum
392 860 510 897 magnis
523 859 656 897 piscibus
676 863 795 888 centum
807 861 1026 897 quinquaginta

242 907 337 936 tribus
346 930 355 944 ,
375 909 468 943 Joan„
481 915 541 936 xm.
558 909 591 936 Et
604 908 642 936 de
656 907 715 936 illis
728 907 860 944 piscibus
872 907 956 936 dedit
970 909 1025 936 Do-

242 955 343 984 minus
365 954 519 992 discipulis
539 955 609 983 suis.
636 954 749 992 Populo
764 956 864 983 autem
878 955 1002 984 ludaico
1015 977 1023 991 ,

242 1005 386 1039 tanquam
397 1001 509 1030 carnali
522 1004 550 1030 et
563 1001 600 1030 dc
613 1010 701 1030 carne
713 1002 842 1036 curanti,
854 1002 937 1031 dedit
949 1004 1024 1031 Deus

242 1058 346 1079 carnes
369 1049 409 1078 ad
424 1048 624 1085 vescendum,
645 1049 713 1078 licet
728 1049 758 1077 in
781 1049 895 1078 malum
917 1050 1021 1086 ipsius.

241 1097 344 1133 Exod„
359 1105 418 1125 xvi.

276 1144 399 1174 Multum
412 1143 492 1172 valet
506 1143 686 1172 abstinentia
696 1143 735 1172 ad
746 1143 804 1172 hoc
812 1165 821 1180 ,
835 1144 920 1181 quod
929 1144 1023 1174 homo

240 1192 333 1229 possit
348 1191 471 1227 vigilare
486 1191 602 1219 facilius
622 1193 650 1219 et
665 1199 761 1219 orare.
782 1192 855 1220 Nam
875 1193 943 1228 post
966 1200 1023 1220 coe-

240 1248 312 1268 nam
327 1239 492 1275 increpavit
515 1238 657 1266 Dominus
680 1238 844 1274 discipulos
864 1247 952 1275 suos,
976 1239 1023 1267 di-

241 1294 310 1315 cens
336 1295 343 1314 :
362 1296 375 1312 u
391 1287 454 1313 Non
478 1285 616 1322 potuistis
639 1293 700 1313 una
721 1285 796 1313 hora
816 1285 939 1321 vigilare
963 1294 1023 1314 me-

241 1341 321 1362 cum.
338 1343 352 1359 »
366 1333 480 1367 Mami„
495 1340 582 1368 xxw3
596 1333 696 1365 Marc„
713 1340 762 1360 xw
776 1342 784 1367 ;
804 1334 883 1368 Luc„
897 1341 967 1362 xxii.

277 1381 412 1410 Salvator
436 1382 553 1414 noster,
580 1379 664 1415 cujus
689 1379 766 1407 actio
787 1380 831 1407 est
851 1383 952 1408 nostra
976 1380 1022 1408 in·

240 1427 360 1456 structio
372 1448 380 1462 ,
397 1434 553 1463 nunquam
579 1434 700 1454 caruem
717 1425 824 1462 legitur
839 1427 1022 1463 comedisse,

241 1475 296 1503 nisi
313 1474 350 1502 de
367 1482 444 1510 agno
460 1472 614 1509 paschali,
631 1475 657 1501 et
672 1473 710 1501 dc
725 1473 805 1509 pisce
821 1482 882 1502 uno
898 1473 954 1502 sibi
968 1474 1022 1502 ob-

240 1521 302 1550 lato
314 1521 353 1550 ad
365 1520 622 1549 manducandum.
636 1522 714 1554 Lam,
728 1529 810 1555 xxiv,
820 1524 847 1549 et
858 1522 947 1556 Joau.‚
959 1529 1020 1550 xx1.

277 1569 388 1598 Mittens
401 1569 543 1597 Dominus
558 1567 722 1603 discipulos
735 1567 772 1595 ad
785 1568 1021 1604 prmdicmdum,

241 1616 333 1651 dixit,
351 1617 426 1649 Luc„
442 1624 461 1643 x
472 1636 481 1650 ,
496 1616 541 1643 5-7
559 1624 565 1643 1
587 1627 599 1640 u
612 1617 641 1643 ln
657 1623 881 1651 quamcumque
897 1615 1021 1644 domum

240 1663 435 1697 inu-uvenilis,
459 1675 472 1686 υ
493 1664 561 1696 οἱα,
587 1662 734 1690 «edi-ntes
756 1664 783 1690 et
797 1662 932 1690 bibentes
955 1670 1022 1698 qum

241 1710 577 1748 apudilloss111112ulioc
587 1712 639 1743 cst,
649 1711 681 1736 ut
696 1712 790 1736 esseni
804 1709 1022 1737 conteuticiba-

240 1759 300 1792 riis,
317 1767 383 1794 quar
399 1757 552 1791 habereut,
568 1765 626 1783 nou
641 1757 755 1784 curiose
772 1756 831 1784 alia
846 1759 1020 1792 quaererent.

275 1807 382 1833 volens
398 1808 497 1833 nouus
512 1805 727 1832 rationabiliter
742 1804 898 1831 ostendere
909 1824 918 1837 ,
938 1803 1021 1839 quod

240 1853 375 1889 discipuli
393 1851 510 1888 Spiritui
527 1853 628 1879 sancto
644 1851 735 1887 pleni,
749 1858 807 1878 non
824 1853 919 1877 essent
934 1850 1021 1884 ebrii,

239 1900 328 1934 dixit,
345 1899 416 1935 quia
431 1899 505 1926 hora
526 1898 584 1926 dici
607 1898 689 1925 tertia
716 1900 800 1925 erat:
819 1897 894 1925 dans
916 1896 1022 1924 intelli-

238 1956 323 1982 gcrc,
339 1946 422 1982 quoii
445 1948 512 1973 autc
535 1945 642 1973 horam
667 1944 782 1972 tertiam
808 1943 1021 1971 inconveniens

239 1997 282 2021 cst
297 1993 488 2021 manducare.
506 1993 578 2024 Ave„
594 1999 630 2025 ιι,
647 1992 690 2019 iii.

274 2042 346 2068 Cum
363 2039 485 2067 esurii-ct
500 2040 600 2066 Petrus
617 2039 646 2066 iu
662 2038 755 2065 domo
780 2037 908 2066 Simonis
929 2037 1022 2064 coria-

239 2087 290 2120 rii,
306 2087 413 2115 cecidit
428 2094 517 2122 super
533 2094 601 2113 euin
618 2085 725 2112 inentis
739 2093 891 2118 excessus,
905 2086 932 2111 ct
947 2084 1021 2111 vidit

239 2135 346 2162 coeluni
363 2137 514 2170 apertum,
527 2136 581 2160 etc.
600 2134 630 2160 lit
646 2132 719 2160 sorte
731 2153 739 2165 ,
755 2131 778 2158 si
795 2134 875 2159 satur
899 2131 998 2158 ruisset
1010 2152 1020 2165 ,

240 2182 321 2209 illum
343 2181 485 2208 visionem
508 2180 610 2207 ntilcin
635 2187 694 2206 nou
720 2178 843 2205 vidisset
868 2188 874 2205 :
904 2178 934 2205 in
959 2186 1021 2214 qua

239 2229 326 2256 etiam
343 2228 457 2255 visione
469 2249 477 2262 ,
503 2226 603 2254 oblata
621 2225 676 2253 sibi
692 2225 833 2253 animalia
855 2224 1020 2252 secundum

238 2275 334 2310 legem
361 2275 451 2302 vetita
477 2273 633 2301 comedere
659 2272 775 2307 renuit,
805 2271 942 2307 quumvis
954 2292 962 2305 ,
989 2273 1021 2299 ut

240 2323 349 2350 dictum
365 2323 424 2355 est,
440 2321 571 2348 esuriret.
589 2322 659 2353 Are„
676 2328 705 2346 x.

276 2371 363 2398 lirant
379 2369 407 2395 iu
423 2367 546 2395 viciosiu
570 2375 636 2402 quaev
660 2367 722 2392 vrat
744 2365 924 2400 Antiochiae,
949 2373 1019 2400 pro-

237 2417 332 2453 phetu—
357 2417 384 2443 vt
412 2415 562 2447 doctores,
588 2417 640 2441 cte.
667 2412 897 2440 illinistrantibus
920 2415 1019 2439 autem

237 2465 295 2491 iltis
313 2463 436 2490 Domino
453 2464 480 2489 et
499 2460 716 2497 jvjiinaiitibus.
734 2459 807 2486 (lixit
824 2459 881 2486 iliis
896 2459 1019 2495 Spiritus

407 2521 420 2536 «
435 2510 592 2544 §egres-gato
615 2506 687 2534 mihi
711 2506 879 2534 numanam
898 2508 926 2533 et
944 2506 1017 2533 Sau-

447 2557 518 2589 Act„
539 2563 601 2588 xiii,
622 2556 646 2587 i,
660 2555 688 2580 2.

237 2513 355 2539 sanctus
376 2520 382 2537 :

236 2557 297 2586 luni
310 2579 319 2593 ‚
336 2569 349 2585 »
366 2560 421 2585 etc.

269 2659 299 2687 (a)
318 2657 389 2687 Vtilis.
407 2656 485 2679 sedit,

862 180 997 214 BlBLIA
1015 179 1248 215 PAUPERUM.

1227 295 1400 331 CAPUT
1437 297 1717 334 Lxxxvm.
1779 270 1864 355 ‘fif

1318 369 1357 397 De
1369 369 1437 404 quia
1450 372 1478 398 et
1491 370 1630 400 ebrietate.

1119 435 1251 466 Primum
1275 437 1407 468 hominis
1437 441 1594 476 peccatum
1616 440 1690 470 vitio
1713 441 1790 478 gulo
1809 441 1865 472 tuit

1081 483 1283 520 completum,
1299 484 1378 519 Gen..
1393 493 1435 515 ιιι.

1118 531 1178 560 Noe
1187 551 1197 566 ‚
1215 541 1229 557 α
1239 531 1348 561 bibens
1362 532 1486 568 vinum,
1503 533 1668 564 inebriatus
1684 536 1714 564 et
1733 535 1863 565 nudatus

1082 577 1170 606 estin
1184 578 1378 608 tabernaculo
1396 588 1470 615 suo,
1484 590 1498 607 n
1518 580 1598 616 Gen„
1614 588 1657 617 ix,
1671 583 1717 610 2¹.

1118 624 1191 653 Loth
1205 625 1369 656 inebriatus
1388 626 1534 656 incestum
1549 636 1620 657 cum
1638 628 1760 658 filiabus
1778 637 1862 659 com-

1081 671 1177 707 misit,
1193 672 1274 707 βαι,
1286 681 1349 702 xix.

1117 721 1192 748 Esau
1211 728 1266 757 pro
1288 719 1376 749 lentis
1389 720 1492 750 edulio
1507 722 1642 752 vendidit
1661 723 1862 790 primogenito

1080 773 1155 800 sua,
1171 765 1251 801 Gen„
1265 775 1334 796 xxv.

1116 813 1198 841 Stetit
1209 813 1247 849 (a)
1256 813 1387 850 populus
1399 815 1582 844 manducare
1591 817 1620 844 et
1633 815 1748 852 bibere,
1759 819 1789 846 et
1797 825 1862 847 eur-

1083 863 1225 889 rexerunt
1238 859 1353 890 ludere.
1367 873 1380 887 n
1396 863 1499 897 Exi-od„
1509 871 1604 897 xxxii,
1616 864 1644 892 6.

1117 908 1193 936 Dixit
1203 908 1346 936 Dominus
1356 911 1453 937 Aaron
1464 919 1472 938 :
1489 919 1503 936 a
1514 910 1619 939 Vinum
1634 914 1662 940 et
1675 919 1765 941 omne
1775 913 1860 950 quod

1079 954 1228 984 inebriare
1253 957 1365 991 potest,
1392 964 1454 985 non
1481 957 1589 986 bibetis
1617 961 1648 987 tu
1675 961 1704 988 et
1722 959 1776 988 filii
1798 961 1859 997 tui,

1079 1003 1204 1040 quando
1220 1003 1365 1032 intrabitis
1384 1004 1415 1032 in
1436 1004 1664 1035 tabernaculum
1680 1007 1859 1043 testimonii,

1078 1058 1116 1079 ne
1131 1050 1311 1079 moriamini.
1326 1060 1340 1078 u
1357 1052 1455 1084 Lavit..
1471 1060 1507 1085 x,
1521 1054 1548 1081 9.

1114 1097 1301 1134 Quicumque
1316 1097 1426 1126 iecerat
1439 1100 1542 1127 votum
1554 1099 1585 1127 ln
1598 1099 1679 1137 lege,
1692 1103 1720 1129 et
1733 1109 1764 1130 se
1779 1102 1859 1132 vole-

1079 1144 1131 1173 bat
1153 1144 1278 1173 Domino
1307 1153 1497 1180 consecrare,
1522 1153 1540 1175 a
1564 1147 1636 1176 vino
1660 1149 1689 1176 et
1711 1148 1750 1177 ab
1775 1151 1858 1178 omni

1078 1191 1130 1219 illo
1145 1191 1231 1228 quod
1246 1191 1396 1221 inebriare
1411 1195 1508 1229 potest
1518 1213 1528 1228 ‚
1548 1194 1696 1224 abstinere
1717 1195 1857 1232 debebat,

1077 1239 1174 1274 Num„
1187 1247 1235 1273 vi,
1251 1241 1278 1267 3.

1098 1286 1271 1321 ‘Plagrabat
1284 1286 1416 1323 populus
1437 1287 1587 1316 desiderio
1603 1289 1738 1318 carnium
1753 1290 1859 1319 sedens

1078 1334 1106 1362 et
1120 1333 1194 1361 flens
1205 1354 1214 1368 ‚
1231 1336 1260 1362 et
1280 1334 1321 1362 ait
1335 1343 1342 1362 :
1361 1344 1375 1361 ι
1389 1334 1459 1368 Quis
1482 1334 1567 1363 dabit
1580 1335 1668 1364 nobis
1686 1336 1727 1365 ad
1742 1345 1860 1366 vescen-

1077 1380 1152 1408 dum
1167 1388 1270 1408 carnes
1281 1401 1290 1415 ‚
1303 1391 1317 1407 i>
1335 1383 1388 1409 cte.
1405 1382 1478 1410 Num
1491 1402 1500 1416 ,
1516 1390 1557 1416 xr,
1579 1383 1604 1410 4.

1113 1427 1211 1456 Prima
1231 1427 1352 1456 tentatio
1373 1427 1504 1456 filiorum
1519 1429 1607 1457 lsrael
1629 1430 1659 1458 in
1675 1430 1792 1460 deserto
1806 1431 1861 1460 suit

1078 1473 1116 1502 de
1131 1476 1203 1510 potu
1214 1495 1222 1509 ,
1238 1475 1340 1510 Emod„
1355 1482 1421 1510 xw;
1437 1476 1584 1511 secunda,
1601 1477 1637 1505 de
1652 1477 1720 1506 cibo
1733 1498 1743 1513 ‚
1759 1479 1858 1514 Emi„

1077 1530 1137 1550 xvii
1150 1531 1159 1557 ς
1176 1525 1203 1550 et
1215 1523 1319 1558 postea
1332 1521 1422 1550 simili
1437 1523 1592 1552 occasione
1605 1524 1776 1553 multotiens
1791 1533 1859 1561 pcc-

1077 1570 1231 1597 caverunt.

1114 1618 1144 1645 ln
1168 1616 1304 1645 trecentis
1318 1616 1406 1651 viris,
1421 1617 1472 1653 qui
1489 1625 1583 1654 aquas
1603 1618 1813 1654 lambuerunt,
1830 1622 1858 1648 et

1077 1663 1230 1692 moderate
1250 1663 1413 1698 biberunt,
1441 1663 1579 1693 liberavit
1604 1665 1746 1694 Dominus
1768 1666 1855 1694 israel

1077 1710 1114 1738 dc
1130 1718 1220 1738 manu
1238 1710 1365 1739 Madian.
1377 1711 1484 1744 Μαῖα,
1501 1719 1551 1739 vu.

1113 1759 1142 1785 lu
1159 1757 1254 1793 epulis
1274 1760 1341 1784 sunt
1355 1757 1492 1785 homines
1506 1757 1682 1786 audaciores
1701 1761 1729 1787 et
1751 1758 1857 1796 loqua-

1077 1803 1183 1830 ciores
1198 1803 1303 1838 Μαῖα,
1320 1811 1348 1831 ix
1361 1823 1368 1837 ,
1388 1804 1424 1831 27
1439 1814 1447 1831 :
1464 1814 1477 1830 α
1497 1806 1572 1832 inter
1585 1804 1691 1841 epulas
1705 1808 1733 1834 et
1745 1805 1855 1842 pocula

1075 1849 1295 1878 maledicebant
1310 1849 1481 1878 Abimelech
1493 1871 1501 1885 ‚
1517 1860 1531 1876 n
1549 1853 1602 1879 etc.

1111 1897 1308 1932 Epulantibus
1323 1896 1508 1932 philisthiim,
1523 1897 1633 1926 domus
1647 1898 1754 1927 cecidit
1767 1907 1857 1936 super

1076 1952 1136 1971 eos⁸
1154 1943 1256 1978 Μαῖα,
1270 1951 1329 1971 xvi.

1112 1990 1257 2018 volebant
1274 1990 1326 2018 filii
1342 1990 1404 2018 Heli
1420 1999 1523 2019 cai-nes
1543 1991 1651 2020 crudas
1674 1992 1714 2021 ab
1728 1992 1855 2021 offeren-

1076 2037 1155 2065 tibus
1169 2037 1318 2074 accipere,
1334 2039 1366 2066 ut
1381 2046 1430 2066 eas
1444 2038 1501 2066 sibi
1517 2038 1625 2067 lautius
1643 2042 1853 2076 praepararent.

1076 2086 1084 2112 1
1101 2085 1178 2118 Rea„
1194 2092 1224 2112 n.

1111 2131 1246 2159 comedit
1273 2131 1414 2159 Jonathas
1442 2132 1595 2160 modicum
1628 2132 1725 2161 mellis
1753 2137 1855 2163 contra

1075 2178 1284 2206 inhibitionem
1306 2178 1416 2214 pati·is;
1439 2180 1468 2206 et
1493 2179 1562 2207 idco
1588 2180 1703 2208 occisus
1725 2188 1744 2209 a
1770 2183 1854 2217 patre

1075 2225 1186 2260 suisset,
1203 2225 1257 2252 nisi
1274 2225 1405 2261 populus
1419 2226 1603 2254 occurrisset.
1620 2228 1627 2254 t
1643 2228 1725 2262 1³29„
1740 2235 1796 2256 xw.

1111 2275 1227 2300 Amnon
1252 2271 1332 2299 fitius
1356 2271 1466 2307 David,
1487 2272 1516 2300 in
1539 2273 1678 2301 convivio
1694 2274 1853 2310 Absalom,

1075 2318 1253 2346 temulentus
1267 2318 1322 2345 fuit
1331 2318 1455 2345 occisus.
1475 2320 1494 2347 ll
1507 2319 1582 2354 Rea„
1597 2328 1660 2348 xui.

1111 2364 1249 2393 Denadad
1265 2372 1317 2392 rex
1333 2365 1423 2400 Syrioe
1438 2366 1618 2394 temulentus
1634 2367 1664 2394 in
1678 2367 1739 2395 suis
1752 2368 1853 2396 castris

1073 2410 1205 2439 habebat
1226 2411 1388 2439 maximam
1407 2412 1628 2441 multitudinem
1652 2413 1851 2448 bellatorum;

1074 2459 1101 2485 ct
1115 2460 1213 2486 tamen
1228 2458 1321 2486 vivtus
1338 2458 1393 2485 suit
1408 2462 1435 2486 ct
1452 2459 1569 2493 fugatus
1583 2467 1637 2496 per
1649 2467 1759 2496 pueros
1770 2461 1852 2497 prin-

1074 2504 1173 2540 cipum
1189 2505 1420 2540 provinciarum.
1437 2507 1468 2534 ill
1485 2506 1562 2541 Rcy„
1578 2514 1630 2534 xx.

1110 2551 1217 2578 Viileus
1230 2551 1347 2579 Zanibri
1368 2553 1525 2580 Dominum
1544 2561 1630 2581 suum
1649 2561 1750 2589 regem
1765 2555 1851 2583 lsrael

1073 2599 1279 2634 temulentum,
1294 2599 1403 2628 occidit
1417 2608 1496 2628 eum.
1513 2601 1546 2629 ill
1561 2601 1639 2636 Req„
1653 2609 1714 2629 xw.

1111 2657 1124 2670 «
1138 2647 1349 2681 Comedemnt,
1360 2649 1388 2675 et
1402 2647 1522 2685 saturati
1535 2650 1612 2682 sunt,
1625 2650 1654 2676 et
1662 2648 1850 2684 impinguati,
