2004 3037
228 219 291 252 614

229 287 351 325 allegat:
361 285 438 316 dixit
450 285 534 315 enim
541 284 670 316 Domino
683 291 692 313 ε
705 282 895 321 αΑιιΒθΙιεῳ)
901 291 938 320 ,ν
955 283 1010 312 etc.

232 335 346 369 Manli„
360 341 401 364 ιν.

265 384 341 413 Cum
352 380 528 411 surrexisset
541 380 631 410 Satan
645 380 750 408 contra
761 377 867 415 lsrael,
883 377 1015 408 incitavit

229 430 340 467 David,
355 430 389 459 ut
401 429 572 459 numeraret
581 426 682 458 lsrael.
698 426 830 461 11²ara1.,
844 433 905 455 xxi.

265 477 371 508 Petivit
382 477 471 506 Satan
484 484 503 506 a
516 474 645 506 Domino
653 495 663 511 ,
678 475 712 503 ut
727 473 784 503 :ob
798 473 970 510 tangeretur
982 471 1014 501 in

229 525 349 560 liberis,
363 526 393 554 et
405 523 513 560 rebus,
525 525 554 552 et
567 529 698 560 persona
709 530 717 550 :
727 521 760 550 in
774 528 836 558 quo
849 521 948 560 potest
961 526 1015 548 no-

229 573 286 604 tari
301 571 448 603 calliditas
457 593 467 608 ‚
481 569 666 608 malignitas,
679 570 709 599 et
721 568 879 599 infirmitas
888 567 1012 598 inimici.

229 621 290 658 Job,
304 628 316 650 1
329 621 358 650 et
371 627 403 649 11.

265 670 332 699 Non
346 666 467 705 expedit
479 665 656 696 tentationes
670 672 740 694 suas
761 664 896 694 revelare
917 663 1016 693 homi-

230 717 280 754 ni,
295 723 388 754 quem
402 714 498 744 credit
517 713 624 743 tentari
642 712 680 742 de
701 711 793 741 simili
806 712 946 749 peccat03
961 710 1016 740 sed

230 759 327 801 magis
339 762 430 792 alicui
444 762 573 791 discreto
587 763 616 790 et
635 761 739 790 sancto
753 781 763 796 ,
778 760 832 797 qui
851 766 922 788 eum
943 765 1015 788 con-

230 811 318 841 fortet
331 810 364 839 in
376 810 461 839 bono
477 817 485 838 ι
500 808 582 838 unde
597 808 660 837 duo
683 814 787 840 sene&
812 805 938 844 quando
957 805 1016 834 sihi

231 858 361 888 invicem
381 855 665 893 concupiscentiam
675 854 888 884 indicaverunt
899 873 910 889 ,
930 852 1016 890 peius

231 905 387 943 provocati
400 903 530 933 fuerunt.
545 905 629 936 Dan„
645 910 707 932 xm.

267 952 399 983 Tentatio
414 951 532 981 Domini
553 958 610 980 nos
632 949 750 978 instruit
773 948 813 977 ad
833 947 1017 977 vincendum

233 1009 323 1031 omne
337 1007 433 1037 genus
455 997 623 1028 tentationis
633 1007 642 1034 3
658 996 712 1025 fuit
737 996 817 1025 enim
834 997 961 1024 tentatus
979 994 1018 1023 de

233 1049 344 1084 tribus,
371 1047 411 1076 ad
426 1054 493 1083 quae
508 1045 611 1074 omnia
630 1045 756 1082 possunt
775 1045 957 1072 tentamenta
970 1050 1017 1071 re-

233 1096 313 1126 duci.
331 1097 363 1124 Et
372 1096 454 1129 nota,
470 1093 555 1131 quod
567 1100 630 1122 non
641 1100 696 1129 per
702 1091 881 1129 potentiam,
897 1089 951 1118 sed
965 1097 1019 1126 per

233 1145 414 1181 scripturam
428 1141 498 1170 vicit
509 1142 695 1170 tentatorem.
705 1139 856 1174 Matth.,rv
863 1147 872 1174 3
886 1138 961 1170 Luc„
975 1145 1017 1165 iv.

271 1192 316 1220 Ait
330 1190 473 1220 Dominus
488 1187 603 1218 Simoni
617 1189 720 1222 Petro,
738 1187 864 1214 instante
881 1185 1020 1222 passione

235 1246 289 1267 sua
306 1247 315 1266 ε
330 1246 345 1264 α
360 1239 432 1265 Ecce
447 1237 569 1265 Satanas
584 1234 725 1271 expetivit
738 1242 792 1261 vos
805 1254 814 1269 ,
829 1234 862 1261 ut
876 1232 1020 1261 cribraret

235 1286 310 1314 sicut
331 1284 477 1319 triticum;
498 1291 554 1319 ego
570 1283 670 1312 autem
683 1281 789 1318 rogavi
803 1289 859 1317 pro
872 1281 917 1315 te,
931 1289 946 1307 ι»
964 1281 1018 1308 etc.

237 1334 314 1368 Luc„
327 1339 404 1367 xxii,
417 1333 447 1360 3¹
458 1351 467 1365 ,
486 1331 531 1358 32.

273 1379 415 1408 Diabolus
429 1377 552 1406 immisit
576 1377 608 1405 in
633 1384 685 1404 cor
707 1375 789 1404 Judae
801 1395 810 1411 ‚
837 1377 869 1404 ut
892 1374 1022 1404 traderet

237 1427 396 1456 Dominum
410 1425 568 1454 Christum.
584 1425 674 1456 Joan„
688 1431 757 1458 xm,
771 1424 800 1451 2.

272 1473 348 1504 Dixit
369 1474 470 1502 Petrus
489 1471 632 1501 Ananiae:
653 1480 667 1497 «
681 1471 738 1499 Cur
759 1469 883 1499 tentavit
900 1470 1023 1498 Satanas

237 1531 289 1552 cor
304 1524 389 1551 tuum
399 1520 518 1550 mentiri
532 1523 560 1548 tc
575 1519 696 1556 Spiritui
710 1519 826 1554 sancto,
840 1519 869 1547 et
883 1518 1022 1547 fraudare

239 1572 276 1600 de
291 1570 387 1608 pretio
404 1570 469 1606 agri
480 1570 494 1597 ἵ
506 1579 521 1596 »
542 1569 620 1603 Act„
636 1576 652 1596 v
664 1589 673 1603 ‚
689 1570 715 1598 3.

510 1666 654 1701 CAPUT
682 1665 751 1700 CV.

255 1745 293 1770 Dc
309 1744 418 1778 peccato
437 1742 467 1768 in
486 1740 620 1775 qenerali,
640 1741 664 1765 cc
682 1739 770 1765 variis
786 1738 881 1773 poenis,
901 1744 961 1772 quae
980 1744 1012 1764 cx

489 1787 597 1821 peccato
617 1786 775 1818 sequuntur.

279 1855 365 1891 Quod
380 1857 534 1891 peccatum
549 1854 648 1881 causet
665 1853 694 1879 in
710 1851 832 1879 homine
849 1850 1026 1878 crubescen-

243 1905 332 1938 tiam,
347 1903 428 1939 patet
441 1909 495 1938 pcr
515 1901 571 1928 hoc
585 1921 592 1935 ,
617 1899 700 1936 quod
716 1899 745 1926 iu
761 1900 837 1926 statu
853 1896 1028 1926 innocentiae

244 1951 328 1979 erant
348 1948 436 1986 primi
460 1949 597 1984 parentes
619 1946 708 1981 nudi,
736 1948 762 1972 ct
790 1952 852 1973 non
875 1944 1028 1973 crubesce-

243 1998 336 2032 bant;
351 1997 418 2032 post
428 1996 583 2032 peccatum
593 2000 666 2021 vero
679 1991 776 2020 statim
786 1991 842 2019 sibi
859 1990 1027 2027 operimen-

245 2046 275 2074 ta
289 2045 431 2073 fecerunt.
449 2043 526 2076 Gru„
543 2049 563 2069 ιι
579 2042 605 2069 ct
621 2048 662 2068 111.

282 2092 436 2120 Peccatum
458 2089 582 2117 infatuat
604 2089 791 2124 peccatorem
808 2094 814 2113 :
832 2085 913 2113 unde
933 2085 1029 2113 Adam

246 2141 313 2176 post
325 2139 481 2174 peccatum
502 2135 642 2164 credebat
663 2143 694 2162 sc
717 2132 902 2162 abscondere
918 2140 935 2161 a
955 2132 1029 2160 facie

248 2185 374 2216 Domini.
392 2185 470 2218 Gen„
485 2191 525 2211 ιιι.

285 2234 354 2262 ttcm
369 2234 524 2268 peccatum
535 2230 603 2258 facit
614 2229 767 2256 hominem
783 2227 931 2256 timidum.
949 2226 1030 2255 Unde

249 2280 358 2314 Adam,
380 2280 541 2314 postquam
561 2278 754 2312 peccaverat,
778 2275 849 2303 dixit
870 2284 876 2302 :
897 2274 1032 2308 «Timui,

250 2335 286 2355 eo
302 2325 385 2363 quod
400 2324 499 2353 nudus
515 2330 623 2357 essem,
640 2325 667 2350 ct
683 2321 827 2350 abscondi
845 2329 903 2350 me.
920 2331 935 2347 »
954 2322 1031 2356 Gen„

251 2381 294 2409 ιιι,
311 2374 355 2401 10.

287 2418 452 2449 Enormitas
481 2416 600 2445 sceleris
624 2415 733 2444 clamat
759 2423 813 2451 pro
837 2415 970 2443 vindicta
994 2415 1033 2444 ad

252 2475 339 2496 aures
354 2466 402 2494 Dei
413 2487 421 2500 ,
438 2465 515 2500 Gen„
531 2472 575 2499 iv,
591 2464 625 2493 10
640 2472 646 2490 :
665 2473 679 2489 «
694 2464 754 2490 Vox
771 2462 924 2498 sanguinis
938 2462 1034 2490 fratris

253 2515 310 2549 tui,
325 2524 339 2541 »
358 2516 412 2541 etc.
431 2513 510 2547 Gen„
525 2519 614 2546 xvru,
636 2512 670 2539 20
693 2520 699 2538 :
719 2520 733 2536 (ι
749 2509 866 2539 Clamor
889 2510 1033 2539 Sodomo-

254 2569 333 2596 rum,
347 2570 362 2587 »
379 2562 434 2588 etc.

291 2608 384 2636 Etiam
403 2614 493 2643 poena
511 2604 668 2642 temporali
682 2604 766 2641 punit
782 2604 924 2634 Dominus
940 2612 1034 2641 quan-

289 2705 323 2736 (ο)
339 2707 399 2730 Cet-l.
413 2705 472 2729 edit.
489 2704 652 2735 Angelorum.

845 213 982 248 euim
1000 213 1232 248 Pitumnum.

1070 282 1175 321 doque
1190 284 1359 322 peccam,
1378 286 1414 314 ut
1432 285 1516 322 patet
1533 284 1568 315 in
1587 284 1850 322 Adam-aem,

1071 329 1152 367 Gen„
1173 338 1224 368 1113
1244 332 1274 360 et
1292 330 1326 360 in
1342 330 1432 367 Cain,
1447 331 1527 368 Gen„
1549 339 1598 368 ιη
1619 332 1652 361 in
1673 330 1850 369 Sodonn'tis‘,

1073 376 1154 414 Gen„
1172 385 1241 414 ¹¹13
1259 378 1331 408 item
1349 378 1382 408 in
1400 378 1472 408 filiis
1484 377 1576 408 Israel
1595 378 1756 408 multoties.
1777 379 1853 408 Item

1070 425 1183 461 Joenn„
1197 433 1227 461 v,
1241 427 1278 455 ¹⁴
1292 434 1301 454 :
1319 434 1334 453 c
1346 426 1413 455 lam
1429 425 1494 455 noli
1506 433 1649 463 peccare,
1662 433 1702 456 ne
1722 424 1854 455 deterius

1071 471 1125 502 tibi
1138 472 1256 510 aliquid
1269 473 1430 510 contingat.
1440 482 1455 500 ι»

1107 519 1222 549 Pharao
1235 521 1359 558 propter
1369 521 1528 557 peccatum
1539 519 1777 557 recognoscebat
1788 527 1822 550 se
1834 527 1854 551 a

1071 565 1199 598 Domi'no
1224 567 1426 604 flagellatum,
1453 567 1555 596 dicens
1565 588 1575 604 ‚
1601 567 1705 604 Κυνὼ,
1726 575 1760 604 x,
1783 569 1819 598 1⁶
1843 577 1852 598 ι

1073 623 1090 642 ι(
1103 614 1226 645 Peccavi
1239 615 1272 644 ιιι
1285 615 1456 650 Dominum,
1471 615 1545 644 etin
1558 623 1624 644 vos.
1636 625 1652 643 ι

1107 663 1252 692 Fecerunt
1263 662 1318 692 filii
1331 661 1420 692 lsrael
1432 661 1549 691 malum
1566 662 1598 691 in
1617 663 1778 700 conspeetu
1796 663 1854 692 Do-

1073 710 1149 740 mini
1162 719 1170 740 :
1186 710 1339 748 iratusque
1352 711 1496 742 Dominus
1507 711 1630 740 tradidit
1643 719 1696 740 eos
1710 711 1743 740 in
1757 710 1855 740 mani-

1072 757 1131 787 bus
1145 756 1359 794 diripientium,
1379 757 1433 795 qui
1455 760 1598 795 ceperunt
1616 766 1687 794 eos,
1705 760 1735 787 et
1751 757 1856 788 vendi-

1073 805 1183 834 derunt
1195 804 1343 834 hostibus.
1357 805 1463 840 Μαῖα,
1478 812 1511 840 ιι,
1528 806 1573 834 u.
1604 824 1609 827 »

1108 853 1264 881 Peccatum
1284 852 1385 889 ipsum
1406 854 1596 889 peccatorem
1619 852 1773 889 quiescere
1792 859 1856 881 non

1072 898 1142 928 facit
1149 908 1158 934 ς
1170 898 1253 928 unde
1267 899 1412 936 percussit
1426 907 1496 928 eum
1510 907 1563 928 cor
1576 899 1681 935 David,
1694 901 1857 937 postquam

1073 949 1247 976 numeratus
1262 948 1306 976 est
1318 946 1459 984 populus.
1476 948 1497 975 ΙΙ
1512 947 1591 982 Rea„
1607 954 1688 983 mv,
1703 947 1748 976 ¹0.

1109 995 1302 1024 Salomonem
1325 995 1576 1032 sapientissimum
1602 997 1759 1032 peccatum
1780 995 1857 1025 inta-

1074 1042 1178 1077 tuavit,
1191 1043 1223 1071 111
1237 1043 1316 1078 Rea„
1330 1050 1372 1070 xi.
1386 1042 1481 1079 Ipsius
1494 1042 1585 1070 etiam
1598 1041 1711 1071 samam
1724 1042 1858 1071 macula-

1075 1089 1127 1125 vit,
1142 1090 1238 1126 Booti„
1252 1097 1348 1126 xum,
1363 1091 1399 1119 22
1412 1098 1419 1118 ε
1434 1099 1448 1116 a
1463 1089 1573 1118 Dedisti
1586 1089 1736 1119 maculam
1747 1089 1778 1118 in
1789 1089 1857 1126 glo-

1075 1137 1120 1166 ria
1135 1138 1197 1166 tua.
1215 1147 1229 1164 ι»

1112 1185 1272 1221 Postquam
1291 1185 1393 1213 loram
1414 1191 1468 1213 rex
1490 1183 1568 1213 luda
1590 1184 1680 1221 coepit
1702 1183 1858 1213 ambulare

1076 1240 1131 1268 per
1149 1232 1213 1260 vias
1230 1239 1337 1267 regum
1354 1231 1442 1260 lsrael
1457 1231 1616 1268 pessimas,
1630 1231 1751 1260 recessit
1763 1230 1859 1260 Edom

1077 1279 1116 1308 ab
1131 1287 1178 1313 eo,
1195 1281 1222 1307 et
1234 1278 1332 1307 noluit
1345 1278 1373 1307 ei
1384 1278 1501 1307 solvere
1512 1278 1658 1307 tributum
1671 1279 1874 1320 consuetum„

1079 1328 1111 1356 ΙΙΙ
1127 1327 1204 1361 nea„
1220 1333 1282 1360 vui,
1296 1327 1342 1354 20.

1119 1383 1133 1399 ιι
1152 1372 1377 1410 Dereliquerunt
1390 1372 1444 1401 filii
1465 1372 1553 1402 lsrael
1569 1374 1716 1410 proecepta
1730 1372 1859 1408 Domini,

1079 1423 1107 1449 et
1125 1420 1258 1448 fecerunt
1272 1420 1329 1448 sibi
1351 1420 1425 1448 deos
1443 1419 1622 1455 conflatiles,
1637 1419 1861 1456 servieruntque

1079 1467 1160 1503 Baal,
1176 1478 1190 1495 »
1206 1470 1262 1496 etc.
1277 1467 1414 1503 Sequitur
1430 1476 1437 1495 :
1457 1477 1471 1494 ιι
1484 1466 1652 1496 Translatus
1663 1468 1708 1496 est
1721 1466 1810 1496 lsrael
1823 1466 1861 1496 de

1080 1517 1158 1544 terra
1172 1523 1236 1543 sua.
1253 1526 1266 1540 n
1284 1515 1315 1543 Ν
1331 1515 1409 1550 Req„
1426 1522 1497 1549 xvn,
1512 1516 1558 1550 16,
1573 1515 1620 1543 23.

1117 1564 1238 1591 Factum
1253 1564 1296 1590 est
1311 1562 1436 1590 verbum
1450 1561 1567 1590 Domini
1579 1563 1683 1590 contra
1696 1560 1814 1597 ludam,
1830 1563 1862 1589 ut

1082 1609 1209 1638 auferret
1229 1617 1297 1637 eum
1319 1616 1422 1637 coram
1442 1616 1488 1643 se,
1510 1611 1633 1645 propter
1653 1610 1775 1645 peccata
1795 1616 1863 1645 quae

1082 1657 1150 1686 feeit
1161 1659 1318 1692 manasses,
1329 1659 1358 1684 et
1369 1658 1491 1693 propter
1502 1656 1680 1691 sanguinem
1693 1655 1861 1691 innoxium,

1083 1712 1175 1741 quem
1191 1703 1306 1738 effudit,
1323 1706 1377 1732 etc.
1394 1705 1427 1732 lv
1442 1704 1519 1739 Κεφ,
1537 1711 1618 1738 xxiv,
1632 1705 1659 1731 4.

1124 1762 1137 1777 «ι
1163 1753 1279 1780 Deserta
1303 1753 1345 1779 est
1370 1750 1568 1784 Hierusalem,
1595 1753 1623 1778 ct
1648 1757 1751 1778 omnes
1774 1749 1864 1778 urbes

1082 1798 1173 1832 Juda,
1189 1801 1217 1826 ct
1234 1806 1295 1826 non
1310 1800 1353 1826 est
1365 1797 1516 1825 habitator
1530 1797 1561 1824 in
1576 1796 1628 1830 cis,
1643 1798 1766 1833 propter
1779 1795 1864 1824 mali-

1084 1845 1155 1873 tiam
1168 1853 1260 1881 quam
1274 1844 1417 1878 fecerunt,
1432 1845 1465 1872 ut
1479 1852 1526 1872 mc
1543 1843 1583 1872 ad
1597 1843 1784 1872 iracundiam
1798 1851 1865 1879 pro-

1085 1893 1238 1920 vocarent.
1253 1901 1268 1918 »
1280 1891 1481 1926 Consecutive‚
1496 1898 1558 1919 non
1573 1889 1730 1919 causaliter
1741 1889 1865 1925 intelligi

1085 1939 1184 1967 debet.
1198 1939 1288 1971 Hier„
1303 1946 1378 1973 xuv,
1394 1940 1421 1966 3.

1121 1987 1212 2014 Tanta
1240 1988 1283 2014 est
1310 1985 1439 2022 gravitas
1467 1985 1579 2021 peccati
1591 2006 1599 2020 ‚
1629 1984 1713 2021 quod
1742 1984 1867 2019 dicitur,

1084 2034 1215 2065 lliercm„
1230 2040 1308 2066 niv,
1322 2033 1358 2060 22
1375 2042 1381 2060 :
1401 2043 1415 2059 «
1425 2034 1489 2061 Non
1503 2034 1619 2069 poterat
1635 2031 1776 2060 Dominus
1790 2031 1868 2060 ultra

1085 2083 1204 2117 portare
1234 2082 1356 2117 propter
1388 2080 1533 2109 malitiam
1558 2079 1727 2108 studiorum
1752 2081 1866 2108 vestro-

1084 2136 1160 2157 rum.
1181 2137 1195 2152 n

1122 2177 1243 2211 Propter
1262 2176 1418 2210 peccatum
1441 2173 1613 2202 debilitatur
1632 2174 1735 2202 homo.
1758 2173 1868 2209 Thren.‚

1088 2231 1108 2257 ι,
1131 2224 1170 2250 8:
1190 2232 1203 2248 «
1219 2224 1373 2250 Peccatum
1397 2221 1533 2258 peccavit
1557 2221 1755 2255 llierusalem3
1778 2228 1867 2257 prop-

1087 2271 1166 2298 terea
1181 2269 1327 2297 instabilis
1341 2269 1417 2297 sacta
1431 2271 1483 2297 est.
1498 2278 1512 2294 »
1526 2268 1607 2296 Unde
1620 2276 1722 2296 servus
1737 2267 1868 2296 Salomo-

1088 2318 1134 2345 nis
1148 2325 1238 2346 ausus
1254 2319 1296 2345 est
1310 2317 1463 2352 insurgere
1479 2315 1509 2343 in
1526 2315 1686 2344 dominum
1700 2322 1788 2343 suum
1802 2316 1869 2350 post

1088 2365 1180 2401 ipsius
1195 2366 1359 2401 peccatum,
1374 2364 1406 2391 lll
1420 2365 1497 2398 Rea..
1512 2371 1553 2391 xr.

1126 2416 1200 2442 Cum
1219 2414 1350 2440 sanasset
1371 2411 1514 2439 Dominus
1533 2412 1615 2439 lesus
1634 2409 1786 2439 hominem
1805 2409 1869 2437 lan-

1090 2461 1216 2497 guidum
1240 2460 1270 2488 in
1291 2459 1416 2495 grabato
1437 2459 1601 2494 jacentem,
1622 2456 1734 2485 invenit
1753 2464 1822 2484 eum
1837 2456 1869 2484 ιιι

1091 2508 1219 2544 templo,
1240 2509 1268 2535 et
1287 2506 1361 2534 dixit
1377 2515 1383 2533 :
1403 2516 1416 2531 «
1431 2508 1502 2534 Ecce
1518 2513 1608 2533 sanus
1626 2504 1720 2532 factus
1741 2511 1788 2537 es3
1805 2503 1869 2539 jam

1091 2555 1222 2592 amplius
1242 2553 1305 2582 noli
1324 2560 1463 2589 peccare,
1479 2560 1516 2580 ne
1537 2551 1665 2580 deterius
1684 2550 1800 2587 aliquid
1815 2550 1870 2578 tibi

1092 2603 1252 2638 contingat.
1267 2611 1281 2627 »
1298 2601 1389 2635 J0‹111.‚
1406 2607 1434 2634 v,
1450 2601 1494 2628 14.

1128 2648 1239 2677 Mulieri
1254 2648 1285 2676 in
1300 2647 1446 2676 adulterio
1461 2645 1666 2682 deprehensae,
1681 2645 1711 2672 et
1728 2652 1746 2672 a
1762 2644 1869 2672 ,ludaeis

1093 2704 1194 2725 coram
1214 2695 1339 2724 Domino
1360 2694 1516 2727 accusatoe,
1537 2691 1611 2720 dixit
1631 2692 1691 2728 ipse
1712 2691 1867 2720 Salvator:
