2004 3037
185 247 249 278 632

182 321 239 350 gns
251 311 346 342 voluit
359 309 515 348 baptizari,
525 308 599 346 quia
611 307 723 337 scilicet
732 305 858 335 videbat
869 305 968 343 signa,

184 367 252 398 quae
265 359 415 395 Philippus
427 356 566 386 faciebat.
580 355 658 394 Aet„
676 362 738 384 vin.

218 405 410 436 Athenienses
427 411 548 438 omnes,
568 403 598 432 et
617 401 743 431 adventa
765 399 913 438 hospites,
928 399 970 429 ad

183 454 258 484 nihil
270 452 354 482 aliud
364 451 522 486 vacabant,
534 449 592 478 nisi
605 451 656 478 aut
667 442 776 484 dicere,
788 448 841 477 aut
852 447 969 485 aliquid

183 501 256 531 novi
272 500 387 530 audire.
403 500 479 532 Act„
493 505 568 533 xvii,
583 497 630 525 21.

219 547 399 578 Praedicantc
420 545 512 574 Paulo
534 545 566 573 in
589 543 704 581 Epheso
728 542 860 577 civitate,
881 541 969 570 multi

183 595 235 634 qui
253 594 373 624 suerunt
391 592 510 622 curiosa
530 591 631 620 sectati
653 590 844 619 contulerunt
862 589 968 626 libros,

183 645 212 672 et
224 641 453 672 combusserunt
466 647 569 668 coram
584 637 737 667 omnibus.
753 637 829 671 Act„
843 644 907 672 xix,
925 637 967 666 19.

218 688 420 727 Reprehendit
437 685 597 724 Apostolus
618 684 768 722 quosdam
783 684 970 713 Thessaloni-

182 746 284 768 censes
304 737 336 765 in
357 736 455 772 quiete
476 733 683 768 ambulantes,
696 731 772 761 nihil
793 733 967 769 operantes,

182 785 298 815 curiose
314 785 443 820 agentes.
459 783 481 810 11
498 782 602 816 Thess„
618 787 664 809 ιιι.

217 830 474 861 Adolescentiores
490 827 599 856 viduas
612 827 717 855 monet
730 824 890 862 Apostolus
904 833 968 855 esse

181 878 340 908 vitandas:
356 879 425 905 sunt
438 875 520 904 enim
538 874 711 911 frequenter
729 880 829 909 vagae,
847 875 875 902 et
893 873 968 902 otio-

182 934 232 962 sae,
246 924 393 959 verbosae,
407 925 436 952 et
449 922 586 951 curiosoe.
600 921 622 950 ll
639 921 722 953 Tim„
736 927 767 948 v.

414 1018 559 1053 CAPUT
583 1016 733 1051 CXXIII.

376 1094 414 1120 De
431 1100 533 1127 maqna
549 1091 600 1126 ftde
618 1090 771 1118 mulierum.

218 1161 414 1193 Commendat
437 1159 610 1198 Apostolus,
629 1159 722 1194 mbr„
740 1166 786 1194 ιι,
806 1159 855 1192 31,
874 1157 967 1187 fidem

182 1211 307 1245 Rahab,
333 1216 401 1246 qum
426 1216 487 1236 non
512 1207 599 1244 periit
623 1214 692 1235 cum
717 1205 894 1239 incredulis,
918 1213 967 1234 ex-

183 1258 295 1295 cipiens
322 1255 527 1294 exploratores
556 1262 625 1283 cum
651 1261 744 1291 pace:
775 1252 812 1281 de
841 1252 966 1289 quibus,

181 1307 250 1339 Jos„
266 1312 297 1333 ιι.
768 1326 773 1331 ,

218 1352 295 1381 Ruth
309 1350 432 1379 adhaesit
445 1349 544 1378 socrui
560 1356 620 1377 suae
631 1347 747 1383 Noemi,
759 1347 862 1375 dicens
873 1356 879 1374 ε
889 1355 904 1373 ιι
914 1348 967 1375 Po-

181 1399 272 1436 pulus
287 1400 370 1432 tuus,
385 1396 517 1434 populus
531 1404 634 1424 meus:
657 1396 733 1423 Deus
753 1396 834 1428 tuus,
849 1395 878 1422 et
892 1395 967 1422 Deus

181 1454 275 1475 meus,
295 1456 309 1471 n
328 1444 409 1473 Unde
431 1445 508 1472 Booz
529 1446 632 1480 postea
655 1442 730 1470 dixit
748 1441 795 1470 ei:
817 1450 831 1467 tt
853 1441 969 1469 Reddat

182 1494 234 1522 tibi
250 1493 393 1522 Dominus
408 1493 484 1520 Deus
496 1491 617 1528 plenam
633 1489 814 1525 mercedem,
825 1489 865 1518 ad
876 1496 967 1525 quem

181 1541 302 1576 venisti,
319 1542 348 1568 et
361 1539 418 1568 sub
434 1539 518 1574 cujus
532 1538 690 1574 confugisti
715 1537 788 1566 alas.
805 1548 818 1562 »
841 1537 937 1572 Ruth„
958 1544 967 1565 ι

181 1590 210 1616 ct
224 1596 255 1616 11.

217 1635 320 1664 Mulier
345 1635 506 1671 Sareptana
531 1632 658 1662 credidit
680 1631 780 1660 verbis
808 1631 874 1660 Elim
896 1639 967 1667 pro-

180 1682 288 1719 phetae,
303 1682 370 1710 lieet
390 1681 438 1709 ille
453 1689 516 1709 rcm
536 1680 605 1708 satis
627 1679 780 1708 dissicilem
798 1678 840 1707 illi
859 1678 968 1707 facien-

182 1730 252 1758 dam
265 1729 392 1765 juberet.
409 1730 442 1757 lll
458 1730 536 1763 Κεφ,
553 1736 621 1756 xvii.

217 1777 316 1806 Mundi
335 1777 515 1805 creationem
539 1778 567 1803 et
592 1782 754 1811 corporum
776 1773 967 1802 resurrectio-

181 1832 250 1853 nem
267 1824 379 1860 optime
399 1822 598 1852 confitebatur
615 1822 666 1849 illa
681 1821 798 1855 mulier,
822 1820 967 1849 mirabilis

185 1873 290 1906 mater,
302 1879 368 1907 quae
383 1873 495 1906 septeni
512 1869 589 1897 filios
605 1876 665 1895 uno
677 1867 724 1894 dic
737 1867 868 1903 torqueri
881 1867 965 1901 vidit,

181 1920 209 1946 et
223 1919 304 1954 ipsos
324 1917 363 1946 ad
381 1916 574 1945 moriendum
590 1923 645 1952 pro
661 1915 708 1942 Dei
724 1914 840 1950 legibus
854 1913 967 1942 fortiter

181 1965 334 1994 animavit.
353 1965 373 1993 11
389 1964 492 1995 Μαεὴ.,
507 1971 557 1991 vii.

217 2013 299 2041 Circa
314 2011 489 2048 mysterium
505 2009 664 2038 dominicae
677 2007 888 2036 incarnationis
904 2007 965 2036 sue-

180 2062 249 2088 runt
259 2059 398 2087 mulieres
411 2059 449 2086 ad
459 2057 642 2086 credendum
654 2057 863 2092 promptiores,
873 2063 965 2092 quam

180 2107 245 2135 viri.
263 2108 335 2135 Nam
350 2105 515 2139 zacharias,
531 2106 616 2141 pater
633 2103 754 2132 loannis
769 2102 911 2139 naplistae,
927 2103 965 2132 do

180 2153 385 2182 incredulitate
409 2153 463 2180 fuit
482 2153 520 2180 ab
544 2151 654 2185 Angclo
676 2150 866 2186 redargutus,
888 2151 965 2185 Luc„

181 2210 208 2236 ι,
225 2202 282 2230 20:
309 2213 322 2226 n
344 2202 398 2228 Pro
423 2208 458 2228 eo
487 2198 570 2235 quod
596 2206 657 2226 non
687 2197 836 2225 credidisti
865 2197 964 2225 verbis

180 2248 268 2282 meis,
286 2258 298 2273 ι)
317 2250 371 2275 etc.

217 2294 365 2323 Elisabeth
377 2301 438 2321 non
449 2292 689 2329 reprehensibilis
703 2292 809 2327 legitur
824 2291 962 2326 extitisse,

181 2350 247 2378 quae
262 2342 362 2369 statim
386 2342 416 2368 in
440 2341 570 2369 adventu
596 2340 688 2367 lwata‘
715 2339 839 2374 virginis
863 2339 962 2366 excla-

180 2389 287 2417 mavit:
302 2400 314 2413 u
329 2390 360 2416 Et
375 2388 533 2415 benedicta
549 2390 578 2414 tu
595 2387 670 2414 inter
685 2386 833 2414 mulieres.
852 2397 865 2412 »
884 2387 961 2421 Luc.‚

181 2445 205 2471 i,
221 2437 266 2464 42.

215 2483 352 2511 Similiter
364 2481 591 2511 commendatur
605 2481 691 2509 licata
707 2481 805 2515 YirgQ
822 2488 887 2515 quae
903 2487 962 2508 cre-

181 2531 257 2558 didit
275 2531 387 2566 Angclo
408 2530 515 2558 dicenti
538 2529 611 2564 sibi,
634 2528 714 2565 quod
737 2528 905 2564 conciperet
924 2528 961 2556 de

180 2579 287 2614 Spiritu
302 2580 414 2606 sancto.
431 2579 506 2611 Luc„
522 2586 540 2605 1.

218 2627 289 2653 ltcm
309 2628 392 2653 Anna
408 2625 499 2652 vidua
520 2623 706 2660 prophetissa
726 2622 906 2658 loquebatur
924 2622 961 2650 de

181 2680 274 2708 puero
293 2676 361 2701 nato
379 2673 529 2707 omnibus,
547 2671 597 2707 qui
613 2670 809 2706 expectabunt
824 2670 961 2706 redemp-

182 2719 291 2748 tionem
308 2720 404 2747 lsrael.
422 2720 495 2751 Luc„
514 2727 544 2753 ιι,
560 2719 605 2748 38,

805 237 942 271 BIBLIA
963 236 1194 279 PAUPERUM.

1057 307 1181 337 Tantam
1196 307 1290 337 fidem
1313 308 1446 338 habebat
1464 309 1506 338 ad
1520 309 1682 339 nominum
1697 309 1806 341 mulier

1021 353 1270 390 haemorrhoissa,
1291 355 1376 393 quod
1395 355 1562 386 sufficiebat
1579 356 1625 392 ei,
1639 357 1725 394 quod
1737 359 1805 387 tun-

1022 401 1182 430 tummodo
1205 404 1340 439 tangeret
1362 402 1516 432 fimbriam
1534 403 1701 433 vestimenti
1721 403 1804 441 ejus;

1023 450 1051 477 et
1063 448 1134 478 ideo
1147 450 1256 479 meruit
1267 449 1373 479 audire
1387 450 1516 480 verbum
1529 451 1633 480 dulce:
1645 461 1660 479 α
1669 451 1804 488 confide,

1022 495 1102 530 filia,
1120 496 1197 526 fides
1212 499 1263 526 tua
1276 499 1306 526 te
1320 497 1436 527 salvam
1448 498 1526 527 fecit.
1542 508 1557 526 ιι
1568 499 1684 534 Manli„
1695 499 1804 535 ix‚22;

1023 543 1103 579 Luc„
1117 552 1182 580 vni,
1197 546 1243 575 48.

1058 592 1116 620 Nec
1138 591 1232 628 longa
1257 593 1478 630 expectatione,
1503 601 1560 622 nec
1580 593 1656 624 dura
1678 601 1805 632 respon-

1022 638 1106 666 sione
1119 638 1229 668 destitit
1242 639 1373 669 clamare
1387 640 1428 669 ad
1442 640 1602 670 Dominum
1617 641 1725 670 mulier
1733 641 1807 671 Cha-

1022 693 1136 714 nanaea.
1160 685 1273 715 Idcirco
1297 686 1421 716 tandem
1443 687 1559 716 audivit
1575 697 1582 717 :
1602 697 1617 715 α
1637 690 1660 718 0
1685 688 1804 726 mulier,

1021 740 1134 769 magna
1148 736 1191 766 est
1204 733 1282 762 fides
1295 735 1362 770 tua;
1376 733 1430 762 fiat
1442 734 1498 763 tibi
1512 735 1587 764 sicut
1599 735 1654 764 vis.
1667 745 1681 763 w
1689 736 1804 772 Manli„

1022 788 1073 816 xv,
1087 781 1134 810 28.

1057 826 1160 856 Mulier
1173 827 1363 857 Samaritana
1376 827 1465 865 plene
1475 828 1611 857 contessa
1621 831 1675 865 est,
1686 829 1802 860 dicens:

1025 884 1038 900 ιι
1053 873 1119 903 Scio
1135 875 1207 911 quia
1219 875 1338 904 Messias
1347 875 1438 910 venit,
1450 875 1503 913 qui
1513 874 1622 904 di'citur
1634 875 1774 906 Christus.
1787 887 1803 906 ι

1022 921 1055 950 Et
1067 923 1173 958 postea
1187 921 1273 951 multi
1292 922 1547 951 Samaritanorum
1567 921 1759 952 crediderunt
1774 924 1806 953 in

1022 968 1183 997 Dominum
1203 970 1303 998 lesum
1322 971 1444 1006 propter
1464 969 1592 999 verbum
1611 969 1746 1000 mulieris
1765 970 1803 1000 il·
1854 997 1858 1000 .

1020 1015 1088 1044 lius.
1103 1016 1196 1051 Joan.,
1209 1024 1247 1045 iv.

1057 1062 1210 1092 Confessio
1225 1063 1357 1098 Marthae,
1377 1071 1445 1100 quae
1463 1063 1554 1099 dixit,
1574 1065 1666 1097 Joon..
1682 1073 1728 1101 xi,
1749 1068 1804 1094 27:

1025 1117 1039 1135 ιι
1053 1110 1113 1146 Ego
1129 1109 1253 1146 credidi,
1267 1110 1339 1147 quia
1350 1113 1382 1139 tu
1393 1118 1425 1139 cs
1436 1110 1567 1140 Christus
1577 1111 1657 1140 filius
1670 1112 1718 1141 Dei
1733 1112 1804 1148 vivi,

1021 1157 1073 1193 qui
1086 1156 1116 1185 in
1130 1156 1211 1186 huuc
1225 1157 1375 1186 mundum
1390 1158 1509 1194 venisti,
1521 1168 1535 1185 n
1546 1158 1616 1187 satis
1629 1158 1684 1188 tuit
1698 1158 1803 1188 similis

1022 1204 1200 1233 contessioni
1216 1204 1305 1240 Petri,
1321 1205 1435 1239 illaleh,
1452 1212 1512 1240 xri,
1526 1206 1571 1234 16.

1058 1252 1097 1279 De
1117 1251 1334 1280 resurrectione
1359 1251 1476 1280 Domini
1498 1252 1608 1280 multos
1628 1252 1709 1281 viros
1730 1252 1806 1290 legi-

1022 1307 1089 1328 mus
1103 1299 1272 1336 dubitasse,
1288 1303 1317 1329 ct
1332 1301 1490 1329 Dominum
1507 1301 1606 1329 Jesum
1626 1300 1747 1330 illorum
1762 1301 1806 1330 in·

1022 1346 1227 1375 credulitatem
1251 1349 1279 1376 et
1304 1347 1402 1376 cordis
1426 1347 1567 1376 duritiam
1592 1347 1804 1384 exprobrasse,

1022 1395 1120 1429 Marc„
1132 1402 1193 1429 xvi,
1208 1396 1257 1429 1-1;
1273 1395 1387 1428 Manli„
1402 1402 1505 1429 xxviii,
1524 1397 1565 1422 17.
1580 1395 1619 1422 De
1630 1395 1805 1425 mulieribus

1022 1443 1122 1469 autem
1137 1441 1209 1470 nihil
1225 1442 1284 1470 tale
1295 1441 1417 1477 legitur;
1431 1441 1484 1470 sed
1495 1449 1653 1478 resurgens
1665 1443 1806 1472 Dominus

1021 1489 1120 1525 primo
1143 1489 1281 1526 apparuit
1302 1489 1434 1524 mulieri,
1454 1488 1563 1517 scilicet
1578 1489 1672 1517 Mariae
1688 1490 1805 1526 Magda-

1022 1535 1112 1570 lenoe,
1127 1538 1154 1565 et
1173 1536 1224 1564 illa
1238 1544 1359 1564 currens
1375 1535 1527 1572 discipulis
1542 1536 1712 1572 lugentibus
1727 1545 1805 1566 nun-

1022 1583 1115 1619 tiavit,
1132 1584 1230 1615 Marc„
1247 1592 1307 1618 xvi,
1324 1585 1368 1612 10.

1058 1631 1199 1665 Quoedam
1213 1631 1331 1665 mulier,
1346 1630 1467 1659 nomine
1484 1631 1573 1667 Lydia
1589 1631 1640 1667 (a),
1655 1639 1804 1668 purpura-

1022 1678 1081 1713 ria,
1101 1677 1215 1706 audivit
1230 1678 1470 1715 praedicationcm
1490 1678 1586 1713 Pauli;
1607 1679 1690 1714 cujus
1706 1679 1804 1707 Domi-

1023 1733 1078 1753 nus
1094 1725 1208 1761 apcruit
1223 1733 1286 1759 cor,
1302 1727 1329 1753 et
1344 1725 1492 1761 baptizata
1505 1727 1559 1760 est,
1569 1727 1598 1754 et
1609 1725 1718 1754 domus
1728 1726 1802 1761 ejus.

1023 1774 1100 1806 Act„
1118 1780 1178 1807 xvi,
1194 1774 1239 1800 1-1.

1253 1856 1396 1890 CAPUT
1420 1856 1570 1890 CXXIV.

1221 1935 1259 1960 Ile
1282 1935 1421 1969 supientia
1444 1934 1600 1961 mulierum.

1058 2008 1128 2035 Sara
1143 2005 1304 2042 prudenter
1320 2006 1461 2034 intellexit
1476 2006 1582 2035 ludum
1597 2007 1672 2036 inter
1684 2008 1763 2036 Isaac
1775 2009 1804 2036 et

1022 2053 1175 2082 lsmaelem
1191 2061 1251 2081 non
1273 2061 1336 2081 esse
1352 2053 1466 2081 bonum
1477 2075 1484 2088 ‚
1503 2056 1531 2082 ct
1547 2054 1641 2082 voluit
1662 2054 1802 2084 Dominus

1021 2103 1053 2129 ut
1067 2101 1216 2130 Abraham
1235 2101 1314 2129 illius
1329 2101 1526 2138 acquiesceret
1541 2102 1705 2138 voluntati,
1723 2102 1800 2137 Gen„

1020 2157 1079 2177 xxi.

1057 2196 1191 2224 Rebecca
1214 2196 1268 2224 suit
1286 2196 1373 2224 valde
1395 2198 1606 2231 argumentosa
1631 2196 1669 2223 ad
1692 2204 1800 2233 procu-

1020 2243 1164 2275 randum.
1189 2243 1272 2279 quod
1292 2242 1383 2271 Jacob
1403 2243 1643 2271 benedictionem
1665 2251 1683 2271 a
1701 2245 1800 2279 patre,

1020 2298 1087 2326 qum
1111 2290 1277 2318 debebatur
1301 2290 1515 2326 primogenito,
1541 2290 1697 2324 obtineret,
1719 2291 1798 2325 Gen„

1020 2344 1111 2364 xxvii.
1130 2339 1161 2365 lit
1176 2340 1280 2373 postea
1295 2340 1378 2365 caute
1394 2337 1460 2365 t'ecit
1475 2345 1544 2365 eum
1556 2337 1631 2366 iram
1642 2337 1738 2367 fratris
1752 2338 1797 2366 sui

1020 2386 1094 2412 Esau
1111 2384 1271 2418 declinare,
1289 2386 1367 2418 tien„
1383 2392 1487 2412 xxviii.

1056 2431 1157 2459 nahah
1171 2431 1309 2459 meretrix
1321 2431 1444 2459 discrete
1456 2431 1658 2467 exploratores
1672 2431 1798 2459 abscon-

1020 2479 1071 2511 dit,
1086 2481 1111 2506 et
1134 2486 1187 2515 per
1201 2479 1258 2506 hoc
1273 2486 1302 2506 se
1317 2481 1344 2506 ct
1364 2480 1456 2506 totam
1470 2478 1595 2506 domum
1616 2486 1700 2506 suam
1722 2478 1796 2505 inte-

1020 2526 1139 2561 graliter
1155 2525 1300 2553 liberavit.
1314 2526 1380 2559 Jos„
1398 2533 1427 2553 ιι.

1056 2573 1193 2601 llcbbora
1207 2580 1282 2600 uxor
1298 2572 1442 2608 Lapidotb
1461 2571 1613 2607 judicabat
1632 2572 1795 2608 populum,

1019 2622 1046 2648 et
1067 2620 1167 2647 docuit
1187 2621 1275 2647 Barac
1296 2620 1392 2647 tilium
1410 2619 1555 2648 Abinoem
1576 2619 1649 2656 quid
1668 2619 1797 2647 facturus

1053 2720 1083 2749 (a)
1097 2718 1157 2743 cat.
1171 2718 1230 2742 edu.
1245 2719 1341 2749 Lydda.
