2004 3037
232 192 291 222 ¹9⁸2

457 302 601 338 CAPUT
622 303 779 338 XXXIX.

427 376 466 403 De
491 376 595 403 Timore
616 377 648 403 in
670 377 813 404 communi.

266 445 365 474 Timor
379 447 436 480 est,
452 446 485 473 ut
500 445 540 473 ait
554 444 741 480 Augustinus,
755 444 827 480 fuga
840 444 922 472 mali.
939 445 1009 481 Spe-

231 492 290 520 cies
304 491 419 520 timoris
433 493 502 520 sunt
514 500 580 520 sex:
597 491 712 528 primus
726 493 768 519 est
779 491 933 526 naturalis,
948 499 1009 528 quo

232 539 360 576 quilibet
371 539 544 568 naturaliter
557 539 640 568 timet
657 540 871 568 nocumentum
888 541 1008 567 naturae.

232 587 286 615 Iste
310 594 373 614 non
394 589 437 614 est
458 586 645 620 meritorius,
665 593 764 622 neque
788 585 1010 621 demeritorius,

232 634 305 670 quia
327 641 389 662 non
411 633 544 669 subJacet
566 633 663 661 libero
686 632 827 669 arbitri0;
854 635 882 661 et
905 632 1012 661 dicitur

232 681 386 713 naturalis,
403 688 466 708 non
480 688 497 708 a
511 682 618 708 natura
631 679 774 715 instituta,
795 679 848 708 sed
863 679 1009 715 destituta,

233 728 305 764 quia
323 727 377 756 iste
393 727 482 755 timor
502 729 545 755 est
563 735 619 763 pro
639 729 761 763 peccato
775 726 942 763 primorum
959 734 1012 763 pa-

233 777 351 803 rentum
374 774 521 802 inflictus:
545 773 602 802 hoe
624 774 729 802 timore
744 773 873 802 Christus
893 775 1012 802 natura-

233 821 299 850 liter
312 821 390 850 mori
405 821 509 850 timuit.
526 821 678 849 Secundus
693 822 735 849 est
749 820 838 849 timor
850 821 1011 855 humanus,

234 876 295 905 quo
311 868 378 904 quis
391 868 481 896 nimis
499 868 581 896 timet
598 867 670 904 pelli
688 876 757 896 suae.
777 869 830 896 Iste
845 867 934 895 timor
946 874 1013 895 nas-

234 915 309 943 citur
331 923 368 943 ex
390 915 483 944 nimio
503 923 606 943 amore
628 915 778 951 praesentis
801 914 887 948 vitae,
914 915 942 941 et
971 916 1014 941 est

234 961 419 999 quandoque
429 961 563 990 mortalis
576 964 658 990 aetus
668 962 742 997 ejus,
753 969 822 989 cum
833 960 933 997 potius
945 959 1013 996 quis

233 1011 367 1044 peccaret
376 1008 549 1043 mortaliter,
558 1016 649 1045 quam
657 1007 801 1036 amitteret
811 1007 901 1035 vitam
911 1014 996 1034 suam
1002 1016 1012 1041 3

234 1055 419 1092 quandoque
443 1057 486 1083 est
508 1055 648 1090 venialis,
672 1057 704 1083 ut
726 1063 794 1082 cum
815 1054 881 1090 quis
906 1054 1013 1082 faceret

234 1102 333 1138 potius
352 1105 509 1138 peccatum
529 1101 662 1137 veniale,
678 1109 770 1138 quam
787 1101 968 1137 permitteret
982 1108 1013 1129 se

234 1149 339 1177 occidi.
358 1149 468 1177 Tertius
489 1151 531 1177 est
546 1149 635 1177 timor
656 1148 844 1183 mundanus,
863 1156 925 1185 quo
947 1148 1013 1184 quis

233 1196 322 1224 nimis
337 1196 419 1224 timet
434 1197 494 1225 suis
507 1197 598 1225 rebus
613 1196 744 1233 spoliari.
762 1196 810 1223 llic
832 1195 962 1223 nascitur
977 1203 1012 1223 ex

233 1243 327 1271 nimio
343 1252 445 1272 amore
462 1252 562 1272 rerum
581 1243 806 1279 temporalium,
822 1245 850 1270 et
863 1244 906 1270 est
919 1250 1013 1278 quan-

234 1290 335 1326 doque
360 1290 507 1324 mortalis,
530 1290 713 1326 quandoque
739 1289 876 1323 venialis,
901 1289 1013 1324 positus

235 1337 342 1365 eodem
357 1337 449 1365 modo
465 1345 526 1374 quo
538 1337 649 1365 dictum
661 1338 703 1364 est
718 1336 754 1364 de
769 1336 911 1364 humano.
924 1337 1014 1370 Quar-

235 1385 281 1411 tus
296 1386 338 1412 est
357 1384 445 1412 timor
466 1384 594 1419 servilis,
615 1392 676 1420 quo
699 1383 766 1419 quis
788 1383 870 1411 timet
890 1391 1012 1419 peccare

235 1431 436 1467 principaliter
450 1433 571 1467 propter
584 1438 714 1467 poenam.
731 1430 853 1464 Quintus
868 1432 911 1457 est
925 1429 1014 1458 timor

234 1477 370 1512 initialis,
387 1486 447 1514 quo
463 1477 572 1506 scilicet
586 1477 668 1505 timet
687 1477 753 1513 quis
770 1484 907 1513 poenam,
922 1479 949 1504 et
965 1476 1013 1505 Dei

236 1524 394 1552 offensam:
412 1524 491 1552 unde
506 1524 590 1560 quasi
605 1524 682 1552 duos
693 1523 908 1558 11ahetoculoS‚
920 1531 1013 1551 unum

236 1570 275 1598 ad
290 1571 469 1605 gehennam,
491 1570 582 1598 alium
597 1570 635 1598 ad
651 1572 756 1605 Deum,
773 1572 801 1597 et
814 1570 861 1598 hie
876 1572 919 1598 est
932 1570 1013 1606 prin-

236 1617 370 1653 cipalior.
386 1618 487 1645 Sextus
509 1619 551 1645 est
573 1617 660 1645 timor
681 1616 797 1650 filialis,
820 1625 880 1653 quo
905 1617 1014 1644 scilicet

237 1664 303 1700 quis
327 1664 408 1692 timet
430 1664 574 1692 offensam
596 1664 660 1699 Dei,
684 1663 732 1691 vel
756 1664 973 1699 separationem
997 1672 1014 1691 a

237 1712 307 1738 Deo.

273 1758 416 1785 Numerus
430 1757 639 1793 praedictorum
652 1758 792 1784 timorum
807 1757 848 1784 sic
862 1756 1012 1792 accipitur.

238 1803 351 1840 Aliquis
366 1804 453 1831 timor
468 1806 509 1832 est
524 1812 541 1832 a
556 1804 661 1840 Spiritu
677 1806 776 1832 sancto
794 1806 898 1831 etcum
909 1803 1014 1838 Spiritu

238 1853 350 1885 saneto,
367 1851 441 1878 sicut
456 1851 542 1878 timor
557 1850 677 1878 initialis
691 1853 719 1878 et
731 1849 828 1878 filialis
843 1850 890 1885 (a).
903 1849 1014 1885 Aliquis

239 1906 256 1925 a
271 1897 379 1933 Spiritu
394 1900 494 1925 sancto
511 1899 562 1931 est,
579 1900 607 1925 et
620 1905 680 1924 non
695 1905 762 1924 cum
780 1896 887 1932 Spiritu
901 1898 1014 1931 sancto,

238 1944 313 1971 sicut
341 1944 428 1972 timor
456 1943 578 1972 servilis.
605 1943 717 1979 Aliquis
744 1945 786 1970 est
812 1951 879 1970 cum
908 1943 1015 1978 Spiritu

239 1993 351 2025 sancto,
368 1994 396 2018 et
409 1999 470 2018 non
489 1998 506 2018 a
520 1990 627 2026 Spiritu
643 1992 758 2024 saucio,
775 1990 849 2017 siout
864 1990 951 2017 timor
965 1998 1016 2017 na-

240 2037 351 2065 turalis.
371 2037 483 2073 Aliquis
505 2045 558 2064 nec
577 2045 594 2064 a
613 2036 720 2072 Spiritu
738 2038 857 2070 sancto,
877 2044 930 2063 nee
948 2044 1015 2063 cum

239 2084 346 2120 Spiritu
367 2086 485 2117 sancto,
503 2083 577 2110 sicut
598 2083 685 2110 timor
705 2082 869 2116 humanus,
885 2084 913 2110 et
927 2090 1016 2110 mun-

240 2131 350 2164 danus,
376 2139 451 2166 quos
472 2138 526 2157 nec
547 2130 668 2165 Spiritus
690 2129 781 2156 sancti
802 2129 895 2164 gratia
916 2137 1016 2156 secum

240 2177 428 2212 compatitur,
444 2185 497 2204 nec
518 2185 571 2212 per
591 2176 730 2212 Spiritum
749 2178 882 2203 sanctum
898 2175 1014 2202 dantur.

240 2225 287 2250 Est
300 2223 398 2250 adhuc
410 2223 484 2250 alius
495 2223 582 2250 timor
593 2222 771 2256 reverentiae,
786 2222 836 2257 qui
850 2221 930 2249 solus
943 2221 1017 2249 iuter

241 2277 343 2297 omues
364 2269 482 2297 timores
503 2269 555 2296 erit
578 2269 607 2295 in
629 2268 738 2303 patria,
757 2268 831 2295 sieut
852 2268 921 2295 dicit
940 2268 1017 2296 Psal-

241 2317 327 2343 mista
343 2318 350 2333 ¹
364 2325 370 2343 :
393 2318 483 2343 Timor
499 2316 609 2342 Domini
623 2317 745 2349 sanctus,
769 2317 822 2342 etc.
846 2316 1018 2343 Reverentia

241 2371 310 2391 vero
324 2364 366 2391 est
380 2362 499 2390 resilitio
515 2370 531 2389 a
547 2361 731 2389 considerata
746 2361 953 2397 magnitudine
969 2362 1017 2389 Dei

242 2410 271 2438 in
288 2409 440 2446 propriam
456 2408 641 2445 parvitatem.

276 2497 282 2512 ¹
297 2496 361 2519 I'sal.
378 2501 454 2526 svm,
474 2497 510 2519 10.
526 2508 551 2512 -
570 2495 578 2508 ²
595 2494 685 2523 ticeli„
705 2500 722 2524 ι,
737 2495 776 2518 ΞἹ.
792 2507 821 2512 -
836 2494 846 2510 ³
861 2493 954 2523 Eoi-le„
973 2500 1017 2523 vti,

246 2534 282 2556 19.
302 2544 333 2550 -
354 2532 362 2546 ⁴
382 2531 472 2560 Ecclz'„
494 2536 583 2561 xxvii,
603 2531 627 2554 4.
645 2543 672 2546 -
692 2531 702 2546 ⁵
723 2529 791 2554 Psal.
812 2535 912 2559 xxxiii,
934 2532 970 2553 10.
989 2542 1018 2548 -

245 2568 254 2581 ⁸
271 2568 358 2596 Eccli„
374 2574 415 2597 rw,
432 2569 453 2591 1.
468 2579 498 2585 —
514 2567 521 2581 '
535 2565 624 2592 Ecclf..
642 2571 658 2595 1,
681 2567 759 2589 112.—
773 2566 783 2582 ¹
799 2565 878 2594 Prota,
896 2571 921 2595 x,
937 2567 974 2589 27.
992 2579 1016 2583 -

245 2605 254 2617 “
269 2604 351 2631 Pron„
373 2609 426 2633 xlv,
449 2604 487 2627 27.
510 2615 539 2621 -
561 2602 579 2618 ¹0
600 2602 688 2631 lit-cll„
715 2608 732 2631 ι,
756 2604 792 2625 19.
810 2614 838 2619 -
863 2603 876 2615 ¹¹
897 2602 971 2632 Aug„
993 2603 1018 2625 ιἰι

562 188 821 230 COMPENDIUM
846 188 1106 222 THEOLOGICAE
1127 190 1352 224 VERITATIS.
1375 190 1451 222 LIB.
1475 189 1511 223 V.

1099 258 1198 288 Timor
1211 258 1328 287 Domini
1338 257 1432 287 multa
1441 258 1524 287 bona
1531 257 1616 286 feeit:
1627 257 1738 295 Primo,
1749 259 1820 296 quia
1828 258 1840 275 ¹

1065 307 1178 342 expellit
1198 308 1346 342 peccatum.
1367 307 1395 334 2.
1421 305 1601 342 Sapientiam
1623 305 1717 341 gignit
1733 307 1763 334 ⁸:
1786 307 1841 340 Qui

1066 354 1153 388 timet,
1167 353 1239 381 nihil
1251 354 1377 388 negligit.
1393 354 1418 380 3.
1435 353 1561 381 Mentem
1570 351 1681 380 stabilit
1690 352 1716 380 ⁸:
1732 353 1798 381 Nisi
1811 354 1841 382 in

1066 400 1160 427 timore
1173 401 1284 428 Domini
1297 401 1416 428 tenueris
1434 401 1458 427 te
1476 400 1622 434 instanter,
1641 399 1697 426 etc.
1712 400 1739 426 4.
1755 398 1843 435 Spiri-

1065 446 1182 475 tualiter
1202 446 1275 475 ditat
1287 447 1316 474 ⁵:
1340 447 1402 476 Non
1421 449 1460 474 est
1481 447 1577 481 inopia
1596 445 1753 474 timentibus
1772 453 1842 474 eum.

1066 495 1094 522 5.
1109 495 1190 522 Bona
1203 501 1296 530 opera
1307 493 1473 522 cumu1at⁶:
1490 494 1544 527 Qui
1559 495 1636 521 timet
1652 494 1747 528 Deum,
1759 493 1844 527 faciet

1067 539 1144 569 bona.
1166 541 1194 569 6.
1216 542 1272 569 Cor
1291 540 1459 569 delectat⁷:
1485 541 1576 567 Timor
1600 541 1710 568 Domini
1729 539 1846 568 delectat

1066 595 1120 616 cor.
1137 590 1163 616 7.
1177 587 1272 616 Vitam
1284 587 1483 624 prolongat⁸:
1501 588 1592 614 Timor
1609 588 1718 614 Domini
1732 588 1846 622 apponit

1066 635 1209 671 vitamst).
1225 636 1251 662 8.
1268 634 1462 663 Devotionem
1477 633 1613 670 irrigat⁹:
1631 634 1722 662 Timor
1736 634 1846 661 Domini

1066 682 1126 715 fons
1143 683 1217 710 vitoe.
1235 682 1263 709 9.
1284 681 1466 710 AEternaliter
1479 682 1649 709 remunerat
1665 680 1686 697 ¹⁰
1701 689 1708 707 :
1728 680 1846 708 Timenti

1069 730 1153 757 Deum
1170 729 1233 757 bene
1245 729 1298 757 erit
1310 730 1340 756 in
1350 730 1486 756 eaetremis.
1528 752 1531 754 .

1303 821 1489 856 CAPUT
1528 795 1610 854 LX.

1325 894 1362 920 De
1371 894 1479 920 Timore
1489 892 1592 920 servili.

1104 963 1202 991 Timor
1216 962 1330 991 servilis
1345 962 1461 990 donum
1474 963 1596 998 Spiritus
1614 962 1705 991 sancti
1721 963 1777 997 est,
1793 969 1848 990 nec

1070 1013 1168 1038 tamen
1186 1013 1228 1039 est
1240 1019 1309 1038 cum
1322 1011 1429 1047 Spiritu
1444 1014 1562 1045 sancto;
1585 1011 1660 1038 sicut
1678 1017 1788 1038 aurora
1806 1011 1849 1038 est

1069 1065 1087 1085 a
1101 1057 1181 1092 sole,
1201 1065 1257 1086 nec
1271 1059 1370 1086 tamen
1389 1065 1457 1086 cum
1477 1057 1538 1085 sole
1558 1059 1608 1085 est.
1624 1057 1723 1085 Timor
1735 1056 1848 1084 servilis

1069 1104 1187 1140 Spiritui
1202 1107 1303 1133 sancto
1326 1105 1427 1133 locum
1449 1106 1610 1141 praeparet,
1627 1106 1659 1132 ut
1675 1111 1758 1138 eum,
1773 1103 1849 1131 sicut

1069 1154 1130 1179 seta
1143 1151 1243 1187 filum,
1266 1152 1442 1180 introducat.
1458 1152 1524 1180 Seta
1540 1158 1687 1187 namque,
1704 1149 1790 1178 filum
1804 1150 1849 1178 in-

1069 1198 1268 1232 troducendo,
1291 1198 1390 1234 ipsum
1408 1197 1560 1234 praecedit,
1580 1204 1642 1224 non
1664 1199 1763 1225 tamen
1780 1204 1849 1224 cum

1068 1244 1134 1281 ipso
1157 1247 1328 1281 permanet,
1349 1245 1423 1272 sicut
1444 1244 1483 1272 ait
1508 1243 1688 1278 Augustinus
1705 1243 1735 1270 ¹¹.
1750 1242 1849 1270 Timor

1069 1291 1182 1319 servilis
1205 1293 1247 1319 est
1268 1291 1383 1319 bonum
1403 1299 1465 1327 quo
1488 1298 1577 1318 nemo
1597 1290 1627 1325 (c)
1651 1289 1726 1318 bene
1747 1289 1846 1324 utitur,

1070 1338 1141 1374 quia
1162 1338 1230 1366 licet
1248 1338 1366 1366 habitus
1387 1337 1498 1366 timoris
1518 1336 1632 1365 servilis
1646 1336 1745 1364 bonus
1763 1335 1800 1364 sit
1817 1335 1848 1363 in

1069 1393 1111 1419 se,
1123 1385 1287 1413 secundum
1301 1385 1389 1412 etiam
1400 1384 1483 1420 quod
1494 1383 1608 1411 donu‘m
1622 1383 1746 1419 Spiritus
1755 1382 1848 1410 sancti

1069 1434 1126 1466 est,
1155 1434 1254 1460 tamen
1282 1432 1345 1467 ejus
1374 1434 1455 1460 actus
1483 1430 1666 1467 quandoque
1695 1431 1850 1466 peccatum

1069 1480 1121 1506 est.

1104 1526 1202 1554 Timor
1218 1525 1331 1553 servilis
1350 1525 1410 1553 duo
1432 1524 1519 1552 facit:
1543 1524 1673 1560 primum
1690 1526 1749 1558 est,
1766 1523 1850 1559 quod

1069 1575 1215 1609 praeparat
1236 1573 1317 1600 viam
1337 1572 1471 1600 charitati
1479 1582 1487 1607 3
1508 1571 1673 1599 secundum
1687 1573 1745 1605 est,
1766 1570 1849 1606 quod

1069 1619 1189 1647 retrahit
1204 1628 1221 1647 a
1236 1621 1356 1655 peccato
1374 1622 1456 1646 motu
1479 1626 1573 1654 poenae
1588 1619 1711 1645 tantum.
1728 1617 1849 1645 Ratione

1069 1666 1157 1702 primi
1173 1667 1271 1694 bonus
1287 1668 1329 1693 est
1335 1675 1343 1700 ;
1361 1665 1413 1693 sed
1428 1665 1542 1693 ratione
1557 1664 1678 1692 secundi
1694 1663 1849 1699 distingui-

1070 1714 1124 1740 tur.
1142 1713 1222 1740 Unde
1239 1712 1405 1740 notandum
1421 1714 1473 1745 est,
1484 1711 1566 1747 quod
1578 1719 1647 1738 usus
1663 1710 1775 1738 timoris
1789 1717 1849 1737 ser-

1069 1759 1135 1786 vilis
1147 1758 1259 1794 duplex
1274 1761 1326 1793 est,
1338 1758 1448 1786 scilicet
1460 1766 1528 1785 cum
1543 1757 1609 1793 quis
1621 1758 1711 1785 utitur
1724 1755 1849 1784 essentia

1069 1805 1187 1833 habitus
1199 1807 1323 1840 tantum,
1334 1805 1382 1833 vel
1393 1813 1462 1833 cum
1471 1805 1563 1832 utitur
1574 1804 1740 1832 servilitate.
1753 1803 1849 1830 Primo

1069 1853 1158 1880 modo
1179 1861 1248 1880 usus
1266 1852 1328 1887 ejus
1343 1852 1441 1879 bonus
1457 1853 1517 1878 est:
1534 1858 1604 1879 nam
1619 1850 1668 1878 ille
1683 1852 1726 1877 est
1742 1849 1850 1877 abhor-

1069 1907 1134 1927 rere
1154 1907 1257 1935 poenas
1278 1900 1417 1932 aeternam,
1439 1898 1522 1934 quod
1543 1897 1657 1925 bonum
1676 1898 1800 1924 osteum
1816 1896 1849 1923 ti-

1070 1954 1153 1973 more
1175 1945 1290 1973 initiali.
1307 1944 1443 1972 Secundo
1464 1944 1556 1972 modo
1580 1952 1650 1971 usus
1669 1944 1732 1978 eJus
1754 1942 1850 1970 malus

1071 1994 1128 2027 est,
1144 1992 1215 2028 quia
1230 2000 1300 2019 usus
1319 1992 1382 2026 ejus
1397 1993 1439 2019 est
1459 1991 1550 2018 vitare
1569 1990 1696 2024 malum,
1715 1998 1750 2017 ex
1764 1997 1850 2017 coac-

1070 2040 1149 2067 tione
1165 2047 1217 2075 per
1231 2046 1361 2074 pomam,
1379 2038 1462 2073 cujus
1476 2039 1573 2065 tamen
1589 2037 1708 2064 affectus
1723 2036 1849 2064 habetur

1071 2086 1101 2114 in
1116 2086 1277 2120 voluntate,
1290 2088 1318 2113 et
1329 2086 1500 2121 sequeretur
1511 2084 1640 2117 effeetus,
1650 2083 1674 2110 si
1684 2084 1848 2118 speraretur

1071 2132 1241 2169 impunitas,
1252 2135 1283 2159 ut
1293 2132 1333 2159 ait
1346 2131 1524 2166 Augustinus
1536 2130 1564 2157 ¹⁸².
1578 2131 1609 2157 Et
1623 2130 1664 2157 sic
1677 2128 1848 2163 intelligitur

1072 2179 1184 2207 dictum
1199 2179 1276 2214 ejus,
1296 2178 1347 2214 qui
1363 2177 1402 2205 ait
1417 2176 1500 2212 quod
1515 2176 1603 2203 timor
1623 2175 1737 2202 servilis
1751 2175 1849 2202 bonus

1072 2228 1124 2260 est,
1140 2233 1200 2253 non
1215 2228 1313 2252 tamen
1333 2224 1384 2259 qui
1408 2223 1489 2250 timet
1509 2221 1663 2256 serviliter,
1678 2222 1753 2249 bene
1769 2221 1846 2257 agit:

1072 2273 1143 2308 quia
1157 2279 1243 2307 agere
1261 2270 1375 2298 bonum
1395 2272 1437 2296 est
1455 2277 1491 2296 ex
1514 2269 1666 2296 voluntate
1693 2268 1775 2301 sacti,
1796 2268 1849 2295 sed

1072 2327 1159 2354 agere
1185 2318 1277 2351 bene,
1301 2317 1332 2344 id
1356 2318 1397 2344 est
1421 2315 1590 2349 meritorie,
1616 2317 1658 2342 est
1681 2322 1717 2342 ex
1739 2314 1846 2342 volun-

1073 2367 1130 2393 tate
1156 2364 1285 2400 agentis,
1308 2363 1359 2399 qui
1379 2362 1439 2397 agit
1462 2371 1497 2390 ex
1519 2362 1626 2390 virtute
1650 2360 1795 2389 eharitatis
1821 2363 1848 2388 et

1073 2411 1183 2446 gratiae.

1074 2487 1157 2517 Epmt.
1178 2485 1260 2515 Ioum,
1283 2487 1354 2508 tract.
1379 2490 1419 2513 tx.
1440 2491 1464 2508 u.
1490 2485 1512 2508 4.
1531 2496 1562 2501 —
1583 2484 1602 2500 ¹²
1619 2484 1694 2513 Aug„
1712 2481 1801 2506 Eum-12
1821 2484 1846 2505 1'11

1074 2521 1141 2546 I’sal.
1157 2527 1247 2549 cxvm,
1263 2527 1340 2544 serm.
1353 2526 1413 2550 xxv,
1430 2526 1455 2543 u.
1473 2521 1496 2543 7.
1608 2540 1610 2542 ,

1107 2569 1140 2597 (ιι)
1160 2568 1218 2591 Czrt.
1238 2567 1300 2590 alil.
1322 2567 1411 2590 finalis.
1429 2579 1459 2584 —
1478 2565 1512 2597 (A)
1532 2565 1605 2595 Vulg.
1624 2565 1727 2595 ogvponel
1743 2563 1804 2587 dies.
1820 2576 1846 2581 ——

1077 2606 1103 2634 (c)
1119 2604 1174 2634 ch.
1191 2609 1243 2627 uon
1259 2602 1351 2633 quivis,
1367 2603 1403 2625 rel
1419 2602 1480 2633 quid
1493 2601 1585 2625 simile.
