2004 3037
244 189 304 222 520

244 265 308 294 quo
320 257 457 292 mortuo,
469 255 564 286 saenis
581 257 626 286 est
636 257 706 287 «icas
717 257 880 296 pessimus,
894 260 929 289 lv
943 260 1021 297 Rea„

243 312 302 341 1113
316 305 340 333 11
355 304 494 340 Paralip„
505 310 586 333 xxiv.

283 361 298 378 ιι
309 352 502 381 Per-rexerunt
514 358 649 381 cursores
663 359 733 382 cum
744 352 877 390 epistolis
892 362 931 383 ex
942 355 1022 392 regis

243 398 372 428 Ezechiae
385 398 524 436 imperio,
539 399 568 428 et
580 398 750 437 principum
763 400 838 437 ejus,
856 401 889 430 in
900 402 1021 432 univer-

243 454 310 475 sum
329 445 419 475 lsrael
437 447 466 475 et
486 446 579 483 luda,
598 446 793 484 praedicantes
814 448 886 477 filiis
909 449 1019 478 Israel:

241 493 432 525 Revertimini
440 493 481 523 ad
493 493 654 524 Dominum
667 495 761 524 Deum
769 494 931 533 Abraham,
938 497 1021 526 Isaac

241 541 388 578 etvlsrae1‚
405 542 434 570 et
449 543 612 571 revertetur
627 541 669 571 ad
687 541 845 580 reliquias,
864 551 933 581 quse
945 544 1020 574 effu-

240 589 348 625 gerunt
369 596 476 618 manus
494 588 574 626 regis
590 588 788 626 Assyriorum.
808 599 823 618 n
839 590 864 620 11
882 592 1019 628 Paralip„

239 643 313 672 xxx,
327 636 354 664 6.

224 698 225 710 η
273 683 498 713 AEdificantibus
518 683 627 713 sudaeis
655 684 694 714 de
718 684 872 723 Babylone
893 686 1018 716 reversis

238 730 384 768 templum
397 731 430 760 in
443 731 640 767 Hierusalem,
657 732 891 763 exhortabantur
907 742 974 770 eOS,
989 737 1018 765 et

238 778 422 815 adjuvabant
453 780 576 815 Aggaeus
603 780 633 808 et
648 779 817 815 ‚zacharias
844 781 997 819 prophetae
1006 803 1016 818 ‚

236 826 248 854 1
260 825 353 861 Esdr„
365 833 395 860 v,
411 827 437 861 i,
451 826 479 854 2.

271 872 447 902 Desiderans
460 872 616 902 Nehemias
629 873 778 903 aedificare
794 882 898 904 muros
912 875 1016 904 Hieru-

235 920 340 957 salem,
351 919 426 951 dixit
435 920 629 957 optimatibus
639 923 668 950 et
676 921 912 958 magistratibus:
925 932 940 950 «
949 924 1017 952 Sur·

236 975 352 1003 gamus,
367 969 395 996 et
408 967 605 996 aedificemus:
618 978 631 995 »
651 969 678 997 et
693 968 864 998 confortatae
873 971 941 999 sunt
951 978 1016 1000 ma·

234 1021 290 1042 nus
301 1021 404 1043 eorum
418 1013 450 1042 in
462 1013 588 1042 bonum.
603 1014 727 1050 Nehem„
741 1023 774 1051 11,
791 1017 835 1044 18.

269 1060 314 1089 Ad
329 1060 566 1090 exhortationem
580 1061 736 1098 Nehemiae‚
752 1062 772 1090 ii
783 1063 835 1100 qui
848 1071 953 1092 usuras
967 1071 1015 1092 ae-

234 1108 384 1144 cipiebant
394 1116 412 1137 a
421 1108 548 1145 populo,
559 1110 587 1138 et
597 1111 732 1146 acceptas
746 1110 884 1147 reddere,
897 1112 925 1140 et
937 1111 1016 1140 ultra

235 1164 298 1186 non
311 1156 444 1193 accipere
459 1159 681 1193 consenserunt,
694 1158 817 1194 Nehem„
831 1166 861 1187 v.

270 1203 378 1232 Tobias
394 1204 425 1232 in
436 1204 602 1240 captivitate
616 1205 730 1241 positus
739 1205 886 1242 pergebat
898 1206 939 1236 ad
953 1214 1016 1236 om-

236 1258 304 1286 nes,
321 1251 372 1287 qui
394 1253 477 1280 erant
495 1251 526 1279 in
540 1252 719 1288 captivitate,
734 1255 762 1281 et
783 1253 897 1282 monita.
913 1253 1015 1283 salutis

237 1298 329 1327 dabat
351 1298 407 1333 eis,
430 1299 504 1335 Τοὸ.,
520 1307 540 1328 ι.
563 1299 645 1328 idem
664 1299 742 1329 bene
762 1300 936 1337 praedicavit
951 1301 1014 1331 filio

236 1353 302 1381 suo,
316 1346 391 1381 Tob„
405 1353 433 1374 lv
448 1349 476 1374 et
489 1354 547 1375 xlv.

272 1393 349 1422 Bene
367 1393 452 1421 cessit
468 1393 585 1429 Tobiae,
605 1393 676 1430 quia
692 1394 839 1431 Raphael,
858 1403 950 1432 quem
961 1396 1017 1424 ho-

236 1441 349 1469 minem
364 1440 502 1477 putabat,
518 1441 649 1470 consiliis
669 1442 833 1478 acquievit,
850 1443 1016 1480 specialiter

236 1487 268 1516 in
291 1488 510 1517 exenteratione
535 1488 640 1526 piscis,
662 1491 690 1518 et
717 1489 846 1526 petendo
871 1498 1014 1527 uxorem,

237 1538 264 1565 et
278 1536 309 1564 in
321 1535 414 1565 modo
429 1543 460 1564 se
473 1535 603 1565 habendi
616 1545 685 1565 cum
697 1544 748 1572 ea,
765 1538 841 1570 Tob„
858 1545 897 1567 w.

271 1584 408 1612 Parentes
422 1584 515 1612 Sarrae
528 1583 631 1612 uxoris
644 1583 743 1613 Tobiae
755 1584 883 1620 junioris
893 1593 1016 1615 monue-

236 1633 304 1660 runt
318 1638 383 1659 eam
397 1630 546 1659 honorare
560 1638 696 1666 socrum,
714 1631 840 1668 diligere
857 1633 1015 1669 maritum,

235 1685 336 1714 regere
351 1677 507 1713 familiam,
519 1677 686 1714 gubernare
697 1679 834 1715 domum,
845 1682 873 1709 et
885 1680 1015 1717 seipsam

236 1724 529 1761 irreprehensibilem
543 1725 701 1761 exhibere,
719 1727 793 1761 Tob.,
809 1734 847 1755 ix.

270 1771 369 1800 iudith
390 1771 503 1800 bonam
525 1772 762 1802 exhortationem
783 1774 866 1802 dedit
883 1774 1015 1811 populo,

237 1826 366 1854 arguens
381 1818 465 1854 quod
480 1818 637 1847 indiscrete
651 1819 822 1848 ordinatum
837 1823 909 1856 erat,
921 1823 949 1849 et
963 1821 1016 1850 do·

237 1873 305 1894 cens
319 1865 393 1901 quid
407 1865 576 1894 faciendum
591 1868 680 1902 esset,
694 1867 802 1902 Judith,
817 1875 875 1896 vm.

274 1912 434 1940 Eilieaciter
456 1913 602 1949 persuasit
622 1913 821 1942 mardochaeus
843 1914 960 1950 Esther,
982 1917 1016 1944 ut

238 1959 326 1989 etiam
341 1966 410 1987 cum
424 1959 557 1996 periculo
571 1967 625 1988 suo
641 1960 846 1996 ingrederetur
859 1961 899 1989 ad
913 1970 1016 1998 regem

237 2008 393 2043 precatura
404 2015 460 2043 pro
474 2007 566 2036 salute
581 2007 676 2043 gentis
691 2016 766 2043 sure,
781 2009 891 2041 Esther,
906 2017 947 2037 iv.

272 2055 339 2082 Post
370 2055 519 2082 ostensam
547 2054 626 2083 lsaioe
655 2054 826 2083 mirabilem
852 2055 997 2085 visionem
1007 2078 1014 2089 .

238 2102 312 2131 dixit
324 2102 386 2134 ipse
397 2101 557 2138 propheta:
569 2103 636 2130 «Yae
643 2102 727 2137 mihi,
737 2103 808 2138 quia
820 2103 907 2137 tacui,
918 2113 931 2129 n
943 2105 1014 2139 etc.;

238 2153 267 2179 et
279 2152 383 2187 postca
398 2157 464 2177 cum
483 2149 565 2178 labia
584 2157 637 2178 sua
652 2157 705 2186 per
717 2149 864 2178 caleulum
880 2151 917 2179 de
932 2151 1016 2180 altari

239 2199 391 2233 sumptum
406 2196 527 2224 vidisset
540 2196 629 2224 fuisse
642 2196 797 2231 mundata,
808 2197 882 2226 dixit
891 2199 1015 2228 Domino

239 2243 398 2280 quaerenti,
414 2251 504 2280 quem
525 2243 652 2271 mitteret
672 2243 711 2272 ad
732 2244 898 2281 populum:
915 2255 929 2271 ι(
945 2246 1016 2275 Ecce

238 2291 319 2319 mitte
334 2299 397 2325 me,
413 2300 427 2316 ›>
443 2293 496 2318 etc.
512 2291 581 2324 Isin,
595 2299 632 2318 vi.

275 2338 352 2366 Dixit
371 2337 512 2366 Dominus
533 2337 623 2372 lsaiae,
640 2345 673 2366 L:
689 2347 702 2363 «
719 2338 838 2374 Clamet,
854 2347 891 2368 ne
906 2347 1015 2376 cesse5‚

239 2385 325 2423 quasi
338 2385 412 2413 tuba
425 2385 521 2413 exalta
536 2392 642 2412 vocem
657 2387 748 2420 tuam,
765 2387 792 2413 et
803 2387 946 2416 annuntia
960 2396 1016 2423 po-

239 2432 311 2469 pulo
324 2439 392 2460 meo
408 2431 520 2460 scelera
535 2438 657 2466 eorum,
673 2433 700 2460 et
719 2432 822 2461 domui
840 2434 931 2462 Jacob
947 2443 1016 2470 pec—

239 2481 303 2508 cata
322 2487 436 2508 eorum.
451 2489 466 2505 »

274 2526 434 2554 Hieremias
449 2525 548 2562 primo
567 2534 599 2555 se
620 2526 771 2555 excusavit
792 2535 809 2556 a
830 2527 1015 2564 praedieatio-

239 2573 285 2601 nis
300 2573 416 2608 officio,
439 2574 542 2609 postea
562 2573 668 2602 divinae
691 2574 835 2604 voluntati
854 2575 1013 2611 acquievit.

241 2621 344 2653 Utere..
360 2629 381 2649 1.

278 2667 475 2698 Abdemelech
485 2669 615 2707 AEthiops
626 2669 700 2698 dixit
712 2670 841 2700 Sedeciae
850 2671 912 2707 regi
922 2671 998 2701 suda
1007 2681 1015 2702 ι

854 189 989 224 BIBLIA
1007 191 1239 227 PAUPERUMa

1078 270 1096 288 ι
1108 261 1233 291 Domine
1249 261 1292 291 mi
1308 269 1377 299 rex,
1391 261 1603 292 malefecerunt
1618 263 1676 293 viri
1691 263 1740 294 isti
1752 263 1855 294 omnia

1076 315 1273 346 quascumque
1291 311 1537 347 perpetraverunt
1553 311 1658 340 eontra
1677 309 1854 340 Hieremiam

1075 355 1268 393 prophetam,
1284 356 1431 386 mittentes
1447 365 1518 386 eum
1529 356 1562 386 in
1575 356 1685 386 lacum.
1699 367 1714 386 n
1730 358 1765 387 Et
1778 365 1853 395 prte-

1075 402 1152 440 cepit
1163 410 1217 432 rex
1231 403 1278 433 ei:
1296 412 1311 431 «
1325 405 1403 433 Leva
1421 404 1599 434 Hieremiam
1619 404 1658 434 de
1675 404 1756 441 lacu,
1769 405 1852 434 ante-

1075 457 1169 486 quam
1180 450 1337 480 moriatur.
1351 461 1367 478 »2
1383 452 1488 488 Hiera,
1501 459 1625 487 xxxvur,
1639 454 1667 488 9,
1683 453 1727 481 10.

1110 498 1231 527 Factum
1242 500 1286 528 est
1297 498 1425 528 verbum
1439 498 1556 528 Domini
1564 499 1605 528 ad
1615 500 1721 528 Jonam
1732 498 1852 528 dicens:

1078 553 1093 570 α
1107 544 1198 581 Surge
1209 546 1237 574 et
1245 545 1324 574 vade
1335 545 1368 574 in
1381 545 1495 581 Ninive,
1505 547 1534 574 et
1544 545 1674 583 praedica
1686 546 1719 575 in
1732 553 1769 576 ea
1781 554 1854 584 prin<

1075 590 1253 621 dicationem
1280 600 1372 629 quam
1399 600 1456 630 ego
1481 593 1591 630 loquar
1616 592 1658 623 ad
1683 595 1728 628 te,
1748 603 1764 622 ι»
1785 594 1851 629 ete,

1072 639 1146 673 Ion„
1160 647 1172 669 1
1185 640 1214 669 et
1228 647 1272 676 ιιι,
1285 640 1314 669 2.

1109 687 1225 715 Bonum
1247 686 1407 715 consilium
1426 686 1510 716 dedit
1532 686 1634 716 Daniel
1655 686 1852 717 Nabuchodo-

1073 741 1166 762 nosor
1173 733 1237 769 regi
1251 733 1413 770 Babylonis
1426 733 1544 763 dicens:
1552 744 1568 762 α
1576 734 1740 763 Consilium
1749 742 1851 764 meum

1072 780 1189 818 placeat
1209 780 1279 816 tibi,
1306 782 1335 810 et
1353 782 1475 818 peccata
1492 780 1757 820 tua‚eleemosynis
1774 781 1851 811 redi-

1071 835 1130 856 me.
1145 837 1160 855 »
1178 829 1262 863 Dan„
1277 835 1317 864 xv,
1331 828 1377 857 24.

1107 874 1234 904 Moriens
1249 875 1422 904 mathathias
1441 875 1520 904 filios
1541 883 1612 905 suos
1630 875 1786 904 efficaciter
1799 883 1851 904 ex-

1070 921 1204 950 hortatus
1218 924 1261 952 est
1275 922 1315 952 ad
1330 923 1482 959 agendum
1499 923 1623 952 viriliter
1640 931 1696 960 pro
1709 923 1775 960 lege
1789 923 1849 952 Dei.

1070 970 1081 998 1
1095 970 1197 1004 Mach„
1213 977 1244 999 n.

1105 1016 1196 1046 sudas
1219 1017 1404 1046 Machabaeus
1431 1019 1616 1054 pugnaturus
1639 1017 1851 1048 exhortabatur

1071 1064 1100 1091 et
1112 1063 1264 1093 animabat
1284 1064 1432 1101 populum
1446 1073 1534 1093 suum
1547 1065 1736 1093 sermonibus
1749 1065 1849 1101 bonis,

1071 1111 1196 1146 tulach„
1212 1119 1243 1139 111
1259 1114 1287 1139 et
1301 1119 1340 1147 iv,
1357 1113 1386 1139 et
1398 1113 1421 1140 ΙΙ
1436 1113 1540 1145 Maeli„
1560 1120 1629 1147 vui,
1643 1114 1671 1141 et
1685 1112 1850 1149 specialiter

1070 1166 1127 1193 xv,
1143 1158 1195 1186 ubi
1214 1158 1321 1186 dicitur
1338 1158 1424 1196 quod
1449 1169 1463 1186 α
1482 1159 1617 1195 singulos
1639 1159 1765 1188 armavit
1786 1167 1849 1188 non

1071 1205 1168 1242 clypei
1182 1208 1210 1234 et
1223 1205 1313 1234 hastoe
1331 1206 1512 1242 munitione,
1527 1206 1581 1235 sed
1592 1206 1780 1235 sermonibus
1794 1213 1848 1243 op-

1071 1252 1148 1280 timis
1162 1254 1190 1280 et
1208 1252 1473 1281 exhortationibus.
1494 1264 1508 1281 »

1107 1300 1179 1328 Cum
1193 1300 1307 1336 primus
1316 1300 1437 1329 illorum
1450 1303 1562 1337 septem
1574 1300 1699 1330 fratrum
1712 1300 1743 1329 in
1757 1303 1850 1329 sarta·

1072 1346 1140 1382 gine
1156 1348 1330 1383 torreretur,
1349 1349 1473 1376 «caeteri
1490 1356 1549 1376 una
1571 1356 1640 1376 cum
1659 1350 1753 1376 matre
1773 1347 1850 1376 invi-

1072 1401 1138 1422 cem
1160 1402 1190 1423 se
1217 1394 1414 1423 hortabantur
1438 1395 1515 1424 mori
1540 1395 1671 1430 fortiter,
1694 1394 1847 1423 dicentes:

1073 1442 1215 1470 Dominus
1236 1442 1357 1479 aspiciet
1376 1442 1548 1477 veritatem,
1564 1452 1578 1469 »
1604 1445 1657 1471 etc.
1681 1442 1850 1478 Specialiter

1071 1488 1137 1526 ipsa
1163 1491 1258 1517 mater
1285 1489 1430 1518 mirabilis
1455 1490 1611 1518 efficaciter
1639 1489 1850 1519 exhortabatur

1072 1536 1161 1565 filios
1177 1537 1199 1564 11
1214 1537 1316 1572 Maeli„
1327 1545 1379 1570 vn,
1395 1539 1421 1571 5,
1439 1538 1466 1572 6,
1480 1538 1526 1571 20,
1541 1538 1586 1566 ⁶2¹.

1107 1585 1235 1612 Joannes
1250 1584 1375 1620 Baptista
1393 1594 1406 1609 (ι
1417 1584 1512 1613 multa
1526 1584 1684 1612 exhortans
1702 1584 1850 1620 evangeli-

1072 1630 1158 1659 zabat
1173 1631 1306 1667 populo,
1324 1642 1336 1657 n
1354 1632 1438 1665 Luc„
1458 1640 1506 1666 ιιι,
1528 1633 1570 1660 ¹8.
1595 1633 1633 1659 De
1649 1630 1759 1667 quibus
1773 1639 1850 1660 non-

1073 1678 1157 1707 nulla
1165 1678 1370 1714 exprimuntur
1378 1678 1484 1706 eodeni
1496 1678 1636 1714 capitulo,
1648 1681 1674 1706 et
1685 1680 1798 1713 Matth„
1807 1687 1849 1714 ιιι,

1073 1728 1101 1754 et
1122 1726 1228 1759 Marc,
1249 1733 1268 1753 1.
1290 1725 1378 1760 Cujus
1400 1725 1565 1753 exhortatio
1590 1725 1630 1753 ita
1648 1726 1753 1754 efficax
1767 1727 1849 1761 erat,

1073 1772 1156 1809 quod
1176 1780 1238 1800 non
1257 1772 1355 1799 solum
1379 1782 1393 1798 a
1410 1772 1495 1799 multi
1513 1771 1739 1808 baptizabantur
1758 1772 1850 1800 confi-

1073 1820 1165 1847 tentes
1178 1821 1300 1855 peceata
1319 1827 1388 1854 sua;
1404 1829 1418 1845 ³)
1435 1818 1489 1846 sed
1508 1819 1571 1855 ipse
1593 1819 1724 1847 Herodes
1736 1821 1848 1848 Tetrar-

1073 1866 1129 1897 cha
1148 1876 1160 1893 «
1175 1866 1278 1895 audito
1291 1873 1326 1894 eo
1341 1865 1468 1894 faciebat
1482 1865 1586 1901 multa,
1601 1868 1629 1894 ct
1642 1866 1768 1895 libenter
1781 1874 1850 1896 eum

1072 1913 1222 1943 audiebat.
1238 1914 1362 1946 »M‹1rc.‚
1378 1921 1399 1946 ι,
1415 1915 1448 1948 5;
1465 1921 1505 1945 ιιι,
1518 1914 1563 1941 20.

1107 1961 1180 1989 Misit
1204 1960 1345 1989 Dominus
1367 1960 1529 1996 discipulos
1551 1960 1652 1988 dicens
1675 1969 1682 1989 t
1708 1970 1721 1987 «
1744 1962 1851 1990 Euntes

1073 2008 1230 2045 praedicate
1261 2008 1409 2042 dicentes,
1432 2007 1502 2043 quia
1528 2007 1779 2044 appropinquavit
1805 2016 1852 2037 re-

1074 2064 1167 2092 gnum
1180 2055 1333 2090 caelorum,
1348 2065 1362 2081 u
1379 2057 1431 2083 ete.
1449 2055 1561 2089 March„
1576 2063 1607 2089 x,
1623 2056 1649 2083 7.
1666 2055 1737 2083 Item
1750 2055 1851 2090 Marc„

1075 2111 1141 2137 xvi,
1156 2104 1188 2131 15
1205 2112 1212 2130 :
1233 2113 1246 2129 κ
1263 2104 1369 2130 Euntes
1383 2102 1414 2129 in
1428 2101 1576 2129 mundum
1590 2101 1761 2130 universum
1781 2111 1852 2139 prae-

1075 2150 1170 2178 dicate
1186 2149 1380 2185 Evangelium
1396 2148 1477 2177 omni
1492 2150 1640 2183 creaturae,
1658 2158 1671 2175 »
1689 2150 1742 2177 ete.

1110 2200 1210 2226 Petrus
1224 2196 1391 2233 Apostolus,
1403 2196 1433 2223 in
1444 2196 1491 2223 die
1507 2197 1700 2231 Pentecostes,
1716 2198 1776 2224 tam
1791 2196 1853 2225 effi·

1074 2245 1181 2274 caciter
1196 2243 1383 2280 praedicavit,
1401 2243 1486 2279 quod
1505 2242 1645 2279 baptizati
1659 2245 1727 2272 sunt
1740 2243 1852 2272 circiter

1075 2293 1130 2320 tria
1142 2292 1236 2320 millia
1246 2290 1411 2320 hominum.
1429 2291 1503 2325 Act„
1516 2298 1547 2319 ιι.

1110 2340 1180 2367 item
1211 2338 1269 2367 alia
1294 2338 1358 2365 vice
1387 2337 1520 2365 similiter
1545 2337 1584 2366 ad
1611 2336 1851 2374 praedicationem

1073 2387 1166 2423 ipsius
1181 2385 1370 2414 crediderunt
1385 2387 1438 2420 tot,
1455 2385 1538 2421 quod
1551 2385 1644 2414 factus
1655 2386 1697 2413 est
1708 2391 1850 2413 numerus

1075 2434 1207 2463 virorum
1219 2433 1353 2470 quinque
1367 2433 1470 2461 millia.
1488 2433 1564 2467 Act„
1580 2440 1617 2461 iv.

1109 2484 1141 2511 ln
1156 2482 1247 2510 domo
1264 2481 1390 2509 Cornelii
1405 2480 1583 2516 praedieante
1597 2480 1698 2513 Petro,
1715 2488 1729 2505 «
1744 2479 1849 2508 cecidit

1073 2529 1196 2566 Spiritus
1210 2530 1326 2555 sanctus
1341 2536 1431 2564 super
1448 2535 1516 2562 eos,
1531 2526 1583 2563 qui
1603 2525 1766 2555 audiebant
1779 2533 1847 2555 ver-

1073 2577 1157 2611 bum,
1174 2574 1295 2611 etjussit
1309 2582 1359 2603 eos
1373 2573 1524 2611 baptizari.
1541 2584 1554 2599 »
1572 2573 1647 2609 Act„
1663 2581 1696 2609 x,
1712 2575 1756 2601 44.

1112 2622 1356 2656 innisa-antibus,
1375 2623 1403 2650 et
1416 2620 1619 2658 jejunantibus
1641 2619 1794 2657 prophetis
1818 2622 1848 2649 et

1073 2670 1245 2701 doctoribus
1259 2669 1311 2706 qui
1334 2670 1417 2697 erant
1433 2667 1607 2703 Antiochiae,
1628 2667 1702 2696 dixit
1725 2668 1847 2705 Spiritus
