2004 3037
554 253 603 285 DE
625 250 785 291 QUARTO
809 249 980 283 I'l'lNERE.
1004 251 1102 283 DIST.
1128 251 1163 284 V.
1188 252 1279 286 ART.
1305 254 1342 286 ll.

146 321 219 349 «Vis
233 328 343 356 magna
358 320 524 349 dilectionis
534 342 543 356 ,
560 328 671 357 magna
691 320 784 348 virtus
800 319 923 348 charita-

142 367 195 403 tis,
212 367 297 396 multi
313 367 425 403 gradus
439 367 469 396 in
489 376 534 403 ea,
550 369 578 396 81
593 367 624 395 111
639 366 699 395 11115
713 374 823 402 magna
838 366 923 394 diffe-

142 415 237 443 rentia
246 424 254 450 ;
271 417 298 442 et
313 414 380 451 quis
404 423 454 443 eos
479 414 677 450 distinguere,
692 413 741 442 vel
760 413 863 442 saltem
880 413 924 441 di-

144 469 301 490 numerare
326 461 450 490 sufficit?
467 471 481 489 ›>
499 463 531 490 Et
559 461 752 489 dinumeratis
774 459 924 496 aliquibus

145 508 306 544 gradibus,
322 508 403 536 idem
418 508 489 536 dicit
505 509 513 526 ¹
531 518 537 537 ;
556 509 678 544 «Supra
699 509 799 536 tamen
822 514 925 535 omnes

145 555 257 591 gradus
270 555 453 591 dilectionis,
471 556 514 583 est
532 563 617 584 amor
635 556 688 583 iste
703 555 811 583 ardens
826 556 855 582 et
868 553 926 581 fer-

145 610 233 637 vens,
251 602 303 639 qui
320 610 371 630 cor
385 602 555 637 necessitat,
573 604 600 630 et
623 601 796 630 medullitus
811 601 925 629 transfi-

147 649 205 684 git,
220 651 253 677 ut
267 649 411 677 veraciter
425 648 503 677 dicat
516 648 527 664 ²
541 657 548 677 ε
568 650 719 677 Vulnerata
734 649 868 676 charitate
881 656 926 682 eqo

147 704 214 724 sum.
230 706 244 723 υ
262 698 294 724 Et
308 695 442 732 sequitur
458 705 464 724 :
484 706 497 722 «
515 696 685 732 Cogitemus
710 704 796 731 ergo,
812 703 878 732 quae
893 695 929 722 sit

147 742 396 779 supereminentia
408 743 557 771 charitatis
572 743 696 777 Christi,
716 751 782 779 quae
797 742 929 770 dilectio-

146 797 216 817 nem
227 791 385 826 parentum
401 790 507 825 vincit,
524 798 659 818 amorem
678 790 772 826 prolis
787 791 926 825 superat,

147 836 286 864 affectum
309 837 405 865 carnis
425 837 623 872 transcendit,
639 837 687 865 vel
704 837 866 872 extinguit,
886 836 929 864 in-

149 891 237 919 super
264 885 292 911 81
321 884 453 912 animam
482 893 568 912 suam
600 884 631 912 in
655 884 760 912 odium
785 883 877 912 vertit.
907 885 928 911 O

149 930 336 960 vehementia
360 931 543 959 dilectionis!
571 940 589 959 o
611 931 754 959 violentia
783 931 930 959 charitatis

150 977 253 1005 Christi
266 979 272 1005 l
287 986 305 1005 0
322 977 495 1006 excellentia
507 999 516 1013 ,
532 980 560 1005 et
572 978 823 1014 supereminentia
838 978 931 1006 chari—

150 1025 216 1052 tatis
231 1024 352 1053 Christi!
371 1026 431 1053 Hoc
447 1027 488 1052 est
504 1025 540 1053 de
558 1033 618 1061 quo
633 1025 718 1061 loqui
729 1025 881 1060 volumus,
894 1025 931 1052 de

150 1071 336 1099 vehementia
352 1071 518 1106 charitatis,
533 1072 570 1099 de
589 1072 841 1108 supereminentia
863 1080 930 1108 per-

150 1119 230 1146 fectae
250 1118 462 1153 aemulationis,
483 1119 674 1147 ascendendo
697 1119 736 1147 ad
756 1127 848 1156 opera
868 1119 931 1147 vio-

150 1165 236 1193 lentae
248 1165 396 1193 charitatis
410 1176 418 1194 .·
441 1168 468 1194 81
484 1166 603 1194 invenio
625 1166 708 1202 quod
728 1167 854 1194 charitas
870 1166 933 1194 vul-

150 1216 250 1249 nerat,
267 1214 392 1241 charitas
407 1213 497 1250 ligat,
513 1214 639 1242 charitas
652 1214 831 1249 languidum
846 1214 932 1248 facit,

152 1260 277 1288 charitas
306 1260 455 1288 defectum
481 1260 604 1289 inducit.
633 1261 711 1295 Quid
736 1261 846 1289 horum
871 1269 933 1289 uon

151 1306 337 1335 violentum?
357 1308 430 1344 quid
455 1308 564 1336 horum
584 1316 645 1336 non
664 1308 823 1336 validum?
837 1318 850 1335 »
870 1310 933 1336 l-laec

153 1355 254 1383 omnia
272 1355 445 1384 filchardus.
464 1357 496 1384 Et
511 1358 578 1392 post
596 1356 654 1384 hoc
675 1356 868 1393 prosequitur
890 1356 934 1384 di-

153 1410 221 1430 cens
234 1403 244 1419 ³
263 1411 270 1430 ε

192 1450 333 1478 «Primus
352 1451 442 1486 igitur
465 1451 576 1486 gradus
597 1451 720 1479 violenti
741 1452 852 1479 amoris
874 1454 932 1486 est,

154 1497 276 1533 quando
297 1506 381 1525 mens
402 1497 550 1525 desiderio
571 1506 626 1525 suo
647 1498 780 1526 resistere
802 1506 864 1526 non
883 1507 935 1534 po-

154 1546 218 1579 test,
230 1545 303 1580 quin
317 1545 498 1572 vulneretur.
516 1546 617 1572 Nonne
634 1544 686 1572 tibi
699 1553 749 1572 cor
760 1553 935 1581 percussum

154 1591 270 1619 videtur
287 1613 295 1626 ,
318 1591 440 1627 quando
468 1591 518 1619 ille
538 1591 643 1627 igneus
674 1592 785 1619 amoris
811 1592 936 1619 aculeus

155 1640 284 1666 mentem
295 1638 425 1666 hominis
435 1638 608 1666 medullitus
620 1640 770 1674 penetrat,
786 1639 936 1666 affectum-

157 1693 214 1721 que
241 1685 458 1713 transverberat
486 1685 516 1712 in
543 1687 673 1719 tantum,
694 1687 726 1712 ut
755 1685 937 1713 desiderium

156 1731 216 1759 sive
231 1735 335 1759 oestum
350 1732 490 1759 cohibere
505 1731 605 1760 animo
620 1740 682 1759 non
694 1732 786 1760 valeat
796 1733 809 1759 c!
821 1732 938 1760 Deside-

156 1778 201 1806 rio
222 1779 320 1813 ardet,
337 1778 443 1807 affectu
467 1779 574 1812 fervet,
592 1781 707 1814 aestuat,
729 1779 849 1807 anhelat
868 1788 938 1815 pro—

157 1825 248 1853 funde
270 1825 483 1861 ingemiscens,
500 1828 528 1853 et
545 1826 637 1861 longa
657 1827 784 1862 suspiria
801 1827 936 1859 trahens,

158 1875 190 1900 ut
205 1872 284 1900 dicat
296 1883 302 1900 :
319 1874 468 1900 Vulnerata
484 1873 616 1901 charitate
627 1882 672 1907 890
684 1882 752 1901 sum.
765 1884 777 1899 >³
790 1874 846 1901 Sed
858 1877 939 1908 nota,

160 1920 243 1956 quod
257 1928 342 1947 amor
356 1920 505 1947 violentus
519 1928 581 1948 non
597 1921 695 1948 solum
709 1921 846 1949 vulnerat
861 1930 939 1950 ama-

160 1966 245 1994 trices
270 1967 403 2001 animas,
420 1967 472 1994 sed
488 1967 576 1994 etiam
592 1968 724 1995 coelestes
740 1968 919 1996 substantias
930 1990 938 2003 ,

161 2014 222 2041 imo
233 2014 321 2042 etiam
331 2014 430 2050 ipsum
439 2014 552 2042 fontem
566 2015 676 2042 amoris
691 2016 781 2042 Deum
793 2015 938 2043 vulnerat.

162 2061 243 2089 Unde
254 2061 445 2089 vercellensis
461 2069 614 2097 exponens
628 2061 703 2089 illud
715 2063 903 2090 canticorum
913 2064 938 2090 t:

163 2110 231 2136 Filii
251 2110 349 2136 matris
367 2117 431 2136 meae
450 2112 641 2143 pugnaverunt
661 2112 755 2137 contra
775 2118 830 2144 me,
847 2110 917 2138 dicit
933 2119 939 2137 z

167 2166 180 2181 «
195 2155 258 2182 Filii
273 2157 339 2182 sunt
354 2155 523 2182 substantiae
536 2163 669 2191 supernae
685 2156 819 2191 civitatis,
831 2164 867 2183 ex
882 2165 942 2192 qua

165 2202 230 2238 ipsa
244 2201 362 2229 assidue
377 2202 541 2237 spiritualia
556 2202 681 2238 percipit
697 2203 848 2237 alimenta,
864 2212 940 2239 pug-

165 2251 309 2277 naverunt
332 2251 435 2276 contra
460 2257 518 2276 me.
542 2251 707 2284 Pugnantes
730 2250 943 2285 corporaliter,

166 2297 286 2332 spiculis
301 2297 393 2324 acutis
407 2299 512 2324 mutuo
529 2306 558 2325 se
574 2298 683 2325 feriunt
698 2300 725 2325 et
739 2300 876 2334 pungunt
882 2308 889 2333 3
903 2298 943 2325 518

167 2345 279 2371 mentes
299 2343 534 2379 contemplativae
556 2345 772 2380 speculationes
791 2345 944 2380 volatiles,

167 2392 310 2419 ferventia
333 2391 494 2426 desideria,
511 2392 630 2420 subtilia
654 2394 681 2419 et
703 2395 786 2420 acute
807 2395 944 2428 penetra-

169 2438 228 2466 tiva
256 2438 430 2472 immittuut,
456 2438 553 2473 primo
580 2438 703 2474 quidem
732 2439 762 2466 in
787 2448 946 2475 paranym-

169 2485 255 2520 phos
277 2487 396 2512 Prorsus
416 2484 528 2512 eisdem
544 2485 742 2520 pertransitis,
757 2486 787 2513 in
803 2494 946 2522 sponsum

172 2530 299 2565 dirigunt
315 2531 433 2566 sagittas
449 2533 549 2559 acutas
566 2531 714 2565 volatileS,
730 2533 852 2561 violenti
868 2533 946 2560 scili-

174 2580 218 2605 cet
233 2578 355 2611 amoris,
372 2581 403 2606 ut
418 2578 495 2605 dicat
509 2578 518 2594 ⁵
536 2587 542 2605 ;
562 2579 718 2606 Vulnerasti
733 2589 776 2607 cor
791 2589 892 2614 meum,
909 2588 949 2607 so-

174 2632 219 2651 ror
243 2633 301 2652 mea
326 2625 445 2660 Sponsa,
464 2625 538 2652 sicut
554 2625 659 2653 dicitur
683 2626 713 2653 in
737 2628 870 2655 Canticis.
887 2638 898 2651 n
918 2628 949 2653 Et

210 2692 213 2702 ¹
234 2689 361 2719 liic-hardi,
378 2689 421 2713 ubi
436 2696 501 2720 sup„
517 2690 592 2720 paulo
610 2693 676 2720 post.
698 2691 779 2721 princ.
796 2705 824 2708 —
846 2692 853 2704 ’-’
866 2691 950 2719 Canl.,

178 2731 211 2755 ιι,
226 2726 250 2755 5,
262 2724 335 2755 juxta
351 2725 424 2748 Lxx.
443 2737 475 2743 —-
494 2726 503 2740 ³
519 2725 647 2756 Richard„
664 2726 707 2751 ubi
721 2734 776 2757 sup.
797 2733 882 2757 prox„
899 2732 951 2750 non

319 2779 393 2801 ΤΟΜ.
414 2778 484 2801 vm.

1696 260 1756 292 449

977 320 1113 356 Sequitur
1137 330 1143 348 τ
1167 323 1233 350 «Ex
1249 330 1310 358 quo
1325 323 1335 340 Β
1355 331 1372 351 α
1393 323 1487 352 diebus
1508 325 1622 354 Joanm's
1644 334 1756 362 reanum

977 367 1102 395 coelorum
1117 369 1172 396 vim
1184 371 1310 405 patitur,
1327 379 1363 398 ex
1378 372 1446 399 tunc
1462 371 1541 400 enim
1558 380 1684 409 regnum
1699 382 1757 402 808-

978 415 1076 444 lorum
1099 417 1183 453 quasi
1206 417 1352 446 violenter
1375 419 1488 456 rapitur
1507 420 1545 449 ab
1560 421 1621 456 his,
1635 422 1687 459 qui
1707 422 1758 450 sti-

979 463 1062 490 mulo
1087 463 1211 492 violenti
1233 465 1343 493 amoris
1367 468 1516 501 aguntur:
1540 471 1653 497 mentes
1677 469 1758 498 enim

980 510 1131 546 coelestes,
1157 512 1196 540 ad
1227 512 1452 542 similitudinem
1477 515 1693 552 pugnantium,
1713 516 1760 545 his

980 558 1233 594 speculationibus
1257 562 1284 587 ct
1307 560 1461 589 desideriis
1487 565 1692 598 occurrentes,
1711 564 1759 592 lu-

981 605 1112 634 minibus
1135 605 1257 634 fervidis
1277 609 1305 635 et
1326 609 1517 644 penetrativis
1545 610 1614 639 illos
1642 611 1761 647 perfun-

983 652 1071 688 dunt,
1088 654 1116 681 et
1138 653 1177 681 ad
1199 653 1244 681 sui
1265 654 1398 690 ipsarum
1425 664 1596 693 excessum,
1613 659 1699 695 quasi
1722 660 1761 688 ad

983 699 1136 735 quandam
1149 700 1334 736 spiritualem
1345 704 1473 731 mortem
1482 708 1658 740 provocant,
1670 715 1762 743 quam

984 747 1096 782 eligunt
1111 756 1194 782 ossa,
1208 750 1239 777 ut
1254 749 1357 778 vivant
1371 750 1431 779 vita
1446 752 1561 787 Sponsi.
1582 763 1595 780 »
1614 754 1679 781 Haec
1694 756 1762 783 Ver-

984 794 1128 822 cellensis.
1145 797 1184 823 De
1198 795 1283 832 signo
1296 796 1385 832 huJus
1400 799 1511 827 amoris
1523 799 1699 836 Richardus,
1710 802 1764 830 ubi

984 850 1089 878 supra,
1106 842 1176 870 dicit
1190 852 1196 871 ε
1211 853 1224 868 «
1240 845 1303 871 llaec
1319 844 1372 872 tibi
1388 846 1495 874 animae
1509 847 1671 877 vulneratae
1686 851 1765 878 certa

984 891 1051 916 sunt
1066 889 1166 925 signa,
1182 891 1308 925 gemitus
1331 894 1359 920 et
1374 893 1516 930 suspiria,
1533 895 1634 924 vultus
1647 896 1765 932 pallens

986 939 1074 972 atque
1099 937 1269 973 tabescens,
1293 947 1359 975 quae
1383 941 1484 969 omnia
1514 945 1654 978 operatur
1680 952 1766 972 amor

986 983 1156 1011 vehemens.
1174 995 1186 1011 »
1204 985 1261 1012 Sed
1276 989 1344 1021 post
1358 987 1512 1023 subjungit
1530 990 1669 1019 utilitates
1683 991 1766 1020 istius

987 1030 1114 1065 gradus,
1131 1031 1232 1059 dicens
1248 1041 1255 1059 :
1275 1042 1288 1058 «
1304 1034 1335 1060 ln
1350 1034 1448 1069 primo
1468 1036 1522 1064 isto
1538 1037 1635 1072 gradu
1647 1038 1766 1074 spiritus

987 1076 1039 1104 iste
1058 1077 1146 1105 intrat
1161 1086 1248 1114 super
1262 1079 1322 1107 mel
1339 1080 1434 1108 dulcis
1453 1082 1492 1110 ad
1515 1084 1662 1119 animam,
1678 1087 1707 1113 et
1721 1086 1767 1114 in-

988 1123 1082 1152 ebriat
1101 1133 1167 1152 eam
1192 1126 1222 1152 in
1244 1127 1358 1154 tantum
1370 1149 1379 1162 ,
1399 1130 1431 1156 ut
1450 1129 1561 1159 habere
1578 1131 1694 1161 dicatur
1707 1134 1767 1162 mel

988 1171 1016 1198 81
1030 1171 1076 1198 lac
1097 1171 1152 1199 sub
1174 1172 1286 1207 lingua.
1303 1184 1315 1200 n
1333 1176 1365 1202 Et
1387 1183 1495 1211 parum
1519 1180 1587 1214 post
1610 1179 1680 1208 dicit
1700 1181 1741 1209 sic
1758 1191 1765 1210 :

992 1227 1005 1243 «
1017 1218 1067 1245 llic
1082 1220 1124 1245 est
1138 1218 1188 1246 ille
1201 1219 1284 1247 cibus
1307 1221 1441 1258 coelestis,
1459 1224 1510 1260 qui
1525 1226 1711 1261 egredientes
1730 1228 1767 1256 de

989 1266 1114 1301 AEgypto
1131 1266 1206 1294 solet
1225 1267 1360 1304 reficere,
1378 1271 1406 1297 et
1425 1278 1480 1306 per
1503 1272 1695 1302 solitudinem
1714 1275 1768 1303 du-

990 1320 1055 1340 cere
1071 1315 1097 1340 et
1111 1321 1231 1349 pascere
1244 1324 1251 1348 3
1267 1315 1325 1343 hoc
1341 1318 1384 1344 est
1397 1316 1476 1345 illud
1489 1320 1499 1336 ⁷
1513 1327 1615 1348 manna
1629 1322 1769 1350 abscondi-

990 1362 1062 1391 tum,
1080 1360 1151 1394 quod
1166 1369 1240 1388 nemo
1261 1364 1332 1398 scit,
1351 1365 1409 1391 nisi
1430 1366 1480 1400 qui
1497 1368 1614 1402 accipit,
1632 1376 1694 1396 non
1715 1377 1769 1406 per

991 1406 1173 1442 doctrinam,
1190 1408 1243 1435 sed
1266 1417 1319 1444 per
1344 1412 1556 1447 experientiam
1577 1423 1584 1442 ε
1608 1417 1636 1443 et
1658 1416 1706 1444 hic
1728 1418 1770 1445 est

990 1453 1039 1481 ille
1057 1454 1162 1482 dulcor
1175 1455 1326 1484 suavitatis
1340 1458 1515 1494 spiritualis,
1532 1463 1559 1489 et
1581 1463 1681 1491 tenera
1702 1471 1770 1492 sua-

990 1501 1082 1534 vitas,
1097 1510 1163 1537 quae
1185 1502 1259 1530 solet
1283 1503 1390 1533 lactare
1407 1508 1434 1534 81
1449 1507 1545 1542 alere,
1565 1511 1592 1536 et
1615 1509 1654 1537 acl
1677 1513 1771 1538 matu-

991 1547 1106 1575 ritatem
1126 1549 1271 1584 paulatim
1293 1551 1468 1586 perducere.
1484 1564 1496 1580 »
1516 1556 1548 1582 Et
1566 1555 1663 1585 infra:
1683 1567 1696 1583 «
1711 1559 1771 1586 Hoc

993 1603 1080 1630 ergo,
1096 1595 1230 1631 testimo,
1252 1605 1306 1632 per
1329 1598 1494 1628 dilectionis
1514 1602 1641 1636 gradum
1663 1604 1769 1640 agitur,

992 1644 1024 1669 ut
1039 1642 1111 1670 dum
1136 1651 1220 1671 1118115
1243 1652 1321 1680 saepe
1346 1645 1497 1682 visitatur,
1522 1657 1599 1685 saepe
1621 1651 1770 1688 reficitur,

993 1697 1069 1725 saepe
1093 1690 1275 1725 inebriatur,
1300 1693 1485 1730 quandoque
1509 1696 1549 1724 ad
1571 1698 1688 1733 majora
1716 1707 1771 1727 au-

994 1736 1105 1764 dienda
1129 1739 1325 1774 provocatur,
1341 1742 1368 1768 et
1391 1741 1430 1768 ad
1454 1743 1619 1772 secundum
1644 1746 1773 1781 gradum

994 1785 1142 1812 charitatis
1158 1785 1334 1822 disponitur.
1352 1797 1366 1813 1)
1384 1790 1448 1816 Haec
1460 1789 1520 1819 ille.

1033 1842 1046 1858 «
1061 1832 1228 1860 Secundum
1247 1834 1375 1869 gradum
1394 1838 1505 1865 amoris
1522 1838 1659 1876 violenti,
1677 1841 1774 1879 inquit

995 1879 1172 1915 Richardus,
1193 1880 1323 1909 diximus
1343 1882 1428 1911 illum
1446 1885 1498 1921 qui
1512 1886 1598 1924 ligat,
1620 1889 1694 1918 sicut
1714 1891 1775 1926 pri-

995 1935 1078 1954 mum
1104 1927 1248 1963 diximuS,
1274 1929 1325 1965 qui
1348 1930 1494 1960 vulnerat.
1521 1936 1639 1971 Nonne,
1663 1937 1774 1974 inquit,

995 1974 1057 2001 sine
1080 1974 1161 2001 omni
1187 1976 1420 2005 contradictione
1445 1979 1562 2008 animus
1585 1982 1694 2017 ligatus
1718 1987 1774 2019 est,

996 2020 1119 2056 quando
1135 2021 1269 2049 omnium
1287 2022 1480 2060 obliviscitur,
1497 2028 1529 2054 ut
1543 2028 1625 2056 aliud
1640 2030 1776 2059 meditari

997 2075 1058 2094 non
1074 2067 1167 2102 possit
1177 2069 1190 2094 ἱ)
1207 2068 1280 2101 Quia
1301 2069 1451 2106 quidquid
1466 2075 1550 2109 agat,
1567 2075 1717 2112 quidquid
1730 2077 1776 2105 di-

999 2116 1059 2147 cat,
1084 2122 1200 2149 semper
1224 2115 1281 2142 hoc
1305 2119 1404 2145 mente
1426 2119 1569 2155 revolvit,
1592 2124 1775 2160 perennique

997 2160 1143 2188 memoria
1162 2161 1282 2197 retinet3
1304 2163 1361 2191 hoc
1385 2164 1537 2194 dormiens
1555 2169 1698 2205 somniat,
1718 2171 1776 2200 hoc

998 2206 1124 2241 vigilans
1139 2208 1221 2235 omni
1234 2208 1309 2237 hora
1324 2211 1434 2240 tractat.
1452 2214 1533 2242 Unde
1554 2215 1639 2244 facile
1655 2219 1698 2246 est
1710 2226 1777 2254 per-

998 2253 1140 2289 pendere,
1155 2256 1187 2282 111
1197 2255 1334 2291 arbitror,
1346 2260 1501 2293 quomodo
1516 2261 1564 2289 hic
1577 2263 1687 2297 gradus
1699 2266 1777 2301 prio-

999 2308 1062 2328 rem
1083 2301 1209 2335 gradum
1224 2304 1416 2340 transcendit,
1434 2307 1485 2342 qui
1499 2311 1630 2337 mentem
1648 2311 1778 2341 hominis

999 2355 1054 2375 nec
1071 2347 1110 2375 ad
1131 2348 1236 2376 horam
1251 2350 1381 2386 quietam
1398 2361 1460 2381 esse
1477 2356 1626 2390 permittit.
1644 2368 1657 2384 »
1675 2359 1777 2395 Sequi-

1001 2396 1062 2421 tur:
1084 2405 1097 2419 «
1112 2396 1197 2423 Recte
1211 2397 1310 2433 itaque
1327 2398 1437 2427 dictum
1454 2403 1506 2436 est,
1522 2403 1603 2438 quod
1616 2405 1699 2440 prior
1714 2414 1787 2441 3111--

1003 2441 1058 2468 (1115
1074 2441 1109 2469 511
1124 2443 1175 2478 (1111
1190 2444 1334 2480 vulnerat,
1351 2448 1498 2475 secundus
1513 2450 1549 2477 sit
1563 2450 1616 2479 1518
1632 2452 1682 2488 qui
1696 2453 1777 2488 ligat.

1003 2487 1079 2515 Licet
1102 2497 1172 2524 ergo
1196 2490 1281 2525 ligari
1298 2492 1396 2520 minus
1416 2494 1452 2522 sit
1471 2497 1668 2533 quandoque,
1689 2508 1781 2535 quam

1005 2535 1171 2571 vulnerari,
1191 2539 1289 2565 tamen
1309 2540 1407 2574 maj0r
1421 2541 1561 2571 violentia
1576 2544 1693 2574 videtur
1707 2554 1781 2582 esse,

1005 2581 1028 2608 si
1045 2584 1204 2618 postquam
1224 2584 1331 2620 aliquis
1350 2594 1505 2621 percussus
1525 2584 1672 2627 dejicitur,
1689 2593 1784 2629 dejec·

1007 2630 1051 2655 tus
1071 2629 1310 2666 deprehenditur,
1333 2632 1531 2668 deprehensus
1546 2637 1714 2674 abducitur,
1728 2641 1783 2669 ab·

1008 2691 1083 2720 longe
1101 2699 1115 2715 :1
1135 2693 1216 2722 princ.
1232 2707 1262 2710 —
1282 2696 1288 2708 ⁴
1309 2695 1390 2719 Cant..
1414 2702 1436 2724 1,
1456 2699 1478 2720 5.
1495 2711 1522 2716 —
1542 2700 1551 2716 5
1567 2700 1640 2731 ibid„
1663 2708 1698 2732 lv,
1716 2704 1740 2728 9.
1758 2717 1783 2722 -—

1008 2727 1017 2742 0
1034 2727 1135 2757 Mam„
1150 2734 1187 2759 m,
1207 2730 1241 2752 12.
1258 2743 1283 2747 -
1301 2731 1406 2761 Ἀρειον
1422 2738 1451 2762 11,
1471 2734 1506 2757 17.

1609 2785 1646 2814 29
