2004 3037
865 210 994 243 CAPUT
1016 211 1103 244 CXX.

171 284 239 306 rum
254 277 419 308 occasione.
435 278 513 315 Gen„
530 286 597 313 xm,
610 287 678 314 xm,
696 279 724 307 et
736 279 756 307 11
773 280 858 314 Pctr„
875 287 911 313 u,
925 282 952 307 7.

207 326 302 359 Quam
327 325 448 355 difficile
472 325 509 354 sit
534 326 685 354 malorum
706 325 954 354 consuetudinem

171 371 334 407 dimittere,
347 373 428 409 patet
449 380 503 409 per
516 372 603 408 Loth,
620 381 711 409 quem
726 373 764 401 de
784 372 885 401 medio
899 373 952 402 So-

171 418 332 448 domorum
369 419 468 456 angeli
503 420 554 449 vix
592 420 745 449 extrahere
780 422 951 456 potuerunt.

171 466 250 501 Gen„
265 474 326 496 mx.

204 513 303 542 Ludus
325 514 456 544 ismaelis
482 522 552 543 cum
578 516 658 544 Isaac
685 514 836 552 displicuit
861 515 948 544 Sarae.

171 560 247 597 Gen„
262 570 324 590 xxr.

203 608 376 645 Fugientem
397 608 488 638 Jacob
509 609 625 638 malum
643 609 766 637 fratrem
787 617 876 637 suum
892 610 949 638 Do-

165 655 265 683 minus
278 655 481 693 multipliciter
496 656 684 684 confortavit.
700 656 780 689 Gen„
798 663 901 685 xxviii.

201 703 299 731 Noluit
313 702 405 731 Jacob
420 703 577 731 ambulare
589 711 658 732 cum
670 703 751 732 malo
766 703 866 738 fratre,
880 704 949 732 licet

164 749 311 785 placasset
326 757 395 778 eum
411 751 601 786 muneribus,
616 752 644 778 et
658 750 709 778 ille
726 751 795 779 satis
808 750 946 786 instaret,

165 797 193 824 et
208 796 292 832 signa
310 797 477 826 dilectionis
493 798 668 827 ostenderet.
687 798 763 832 Gen„
779 806 882 826 xxxm.

202 844 275 873 Dixit
287 846 401 882 Moyses
412 845 451 874 ad
462 846 582 873 turbam
595 846 727 873 filiorum
742 846 830 874 Israel
846 854 853 873 z
867 856 881 872 (ι
894 847 947 875 Re-

164 891 258 920 cedite
273 900 291 920 a
309 892 508 920 tabernaculis
536 893 695 920 hominum
723 893 888 929 impiorum
918 895 946 921 et

162 939 252 968 nolite
274 941 394 976 tangere
419 948 485 976 quae
502 940 540 968 ad
556 949 607 968 eos
620 941 778 976 pertinent,
793 949 830 969 ne
847 941 946 970 invol-

162 987 274 1015 vamini
289 987 320 1015 in
335 987 463 1023 peccatis
479 995 595 1015 eorum.
613 997 626 1013 »
642 989 737 1023 Num„
754 996 823 1023 xvi,
836 989 881 1016 26.

201 1035 276 1064 Dixit
291 1035 432 1063 Dominus
447 1035 539 1071 Moysi
557 1043 564 1062 ;
583 1044 597 1061 «
611 1035 737 1071 Praecipe
752 1035 821 1063 filiis
836 1035 942 1064 Israel:

162 1083 302 1110 intrantes
324 1084 436 1111 terram
455 1082 613 1117 Chanaan,
639 1083 800 1119 disperdite
822 1085 944 1111 cunctos

159 1129 341 1158 habitatores
355 1129 485 1165 regionis
499 1129 579 1157 illius
597 1139 604 1158 :
620 1130 645 1157 si
666 1132 766 1158 autem
787 1130 943 1158 nolueritis

159 1176 338 1213 interficere,
355 1177 406 1213 qui
417 1176 630 1212 remanserint,
645 1179 731 1205 erunt
749 1177 836 1205 vobis
856 1178 942 1214 quasi

159 1223 233 1252 clavi
246 1224 277 1252 in
295 1224 405 1258 oculis,
421 1226 449 1253 et
462 1224 573 1253 lanceae
593 1225 624 1252 in
638 1225 791 1253 lateribus.
808 1235 822 1252 n
841 1226 940 1261 Num„

157 1278 247 1300 xxxin
258 1292 267 1307 ,
285 1273 329 1306 51,
341 1273 386 1299 55.

193 1319 351 1347 Occasione
362 1319 473 1354 Achan,
486 1319 537 1356 qui
549 1319 614 1348 tulit
624 1319 661 1348 de
673 1319 859 1349 anathemate
870 1319 941 1348 Jeri-

156 1365 227 1401 cho,
248 1366 302 1394 fuit
315 1366 446 1403 populus
462 1367 493 1394 in
512 1367 613 1403 praelio
625 1370 789 1404 superatus.
800 1369 869 1401 Jos„
883 1376 937 1396 vn.

192 1415 311 1450 Propter
323 1414 472 1450 quosdam
484 1414 562 1442 filios
578 1415 683 1449 Belial,
697 1414 749 1450 qui
764 1415 795 1442 in
809 1423 936 1443 uxorem

155 1461 260 1489 Levitae
286 1461 458 1489 detestabile
487 1462 635 1497 flagitium
665 1464 912 1498 perpetraverunt
927 1483 936 1497 ,

154 1517 258 1537 omnes
282 1509 334 1536 filii
361 1508 536 1544 Benjamin‚
561 1509 665 1545 paucis
691 1509 835 1545 exceptis,
851 1510 937 1538 truci-

154 1556 215 1584 dati
230 1556 357 1584 fuerunt.
373 1556 476 1590 Judtc„
493 1564 555 1583 mx.

189 1604 351 1632 Noluerunt
365 1603 418 1630 filii
433 1603 522 1631 lsrael
534 1602 633 1631 delere
644 1603 826 1631 habitatores
839 1605 933 1638 terroe,

152 1651 226 1678 sieut
251 1652 431 1686 praeceperat
457 1651 598 1678 Dominus
615 1671 623 1685 ‚
649 1650 702 1678 sed
725 1654 936 1686 percusserunt

152 1705 218 1726 cum
242 1698 283 1725 eis
306 1697 418 1732 foedus,
442 1699 470 1725 et
493 1697 570 1726 male
591 1697 697 1726 accidit
720 1697 771 1725 eis.
796 1698 901 1730 Melie„
924 1707 934 1726 1

152 1748 180 1773 ct
195 1753 225 1773 ιι.

186 1792 337 1827 Amicitia,
354 1800 445 1828 quam
466 1792 570 1820 habuit
591 1795 709 1820 Amnon
733 1792 812 1820 filius
840 1792 933 1820 David

150 1847 218 1867 cum
243 1839 401 1874 Jonadab‚
424 1839 505 1867 dedit
531 1840 557 1867 ci
583 1840 663 1867 viam
688 1839 728 1867 ad
752 1839 827 1873 hoc,
848 1839 932 1875 quod

149 1886 276 1914 Thamar
290 1895 423 1914 sororem
437 1895 522 1914 suam
538 1887 728 1923 opprimeret.
741 1888 762 1914 ll
773 1888 851 1921 ch„
866 1894 929 1914 xiu.

185 1935 389 1963 Rebellionem
406 1935 581 1970 disponente
596 1935 739 1963 Absalom
756 1937 859 1962 contra
875 1942 929 1969 pa-

148 1983 221 2010 trem
251 1989 338 2009 suum
349 2003 358 2016 ,
383 1981 500 2009 iverunt
528 1981 611 2009 multi
637 1990 706 2009 cum
735 1989 771 2008 eo
800 1980 929 2016 simplici

148 2028 258 2064 corde3
276 2029 327 2064 qui
351 2031 453 2056 contra
472 2029 564 2056 David
588 2028 662 2055 nihil
682 2027 843 2055 machinati
859 2027 930 2054 fuis-

147 2079 226 2111 sent,
240 2076 264 2103 si
287 2084 356 2103 cum
377 2076 464 2103 bonis
488 2077 515 2103 et
538 2075 669 2111 pacificis
693 2075 724 2102 in
749 2074 929 2102 Hierusalem

146 2123 365 2151 remansissent.
381 2124 400 2150 ll
417 2125 494 2158 Ray„
511 2131 561 2150 xv.

183 2171 304 2206 Propter
318 2170 467 2206 quosdam
489 2170 657 2207 superstites
674 2171 710 2198 de
728 2170 820 2198 domo
836 2169 926 2204 Saul,

145 2217 221 2245 facta
243 2220 285 2245 est
305 2217 398 2245 fames
421 2218 451 2245 in
476 2221 567 2251 terra,
584 2218 680 2246 donec
700 2218 739 2245 ad
754 2217 926 2253 petitionem

145 2264 377 2292 Gabaonitarum
390 2265 523 2292 crucifixi
538 2265 666 2292 suerunt.
683 2267 702 2293 ΙΙ
719 2267 797 2298 Rea„
808 2272 869 2291 xxi.

181 2313 238 2339 Rex
255 2311 330 2338 Juda
345 2312 485 2348 Josaphat
508 2312 561 2339 fuit
584 2312 644 2340 fere
667 2313 795 2347 occisus,
812 2312 925 2339 vadens

145 2366 213 2385 cum
235 2358 335 2386 Achab
357 2359 396 2387 ad
412 2359 561 2395 praelium,
582 2362 614 2389 lli
636 2362 713 2395 Req„
727 2367 800 2388 xxu.
825 2361 857 2387 Et
878 2367 924 2387 re<

145 2404 310 2440 prehensus
333 2405 387 2434 suit
407 2414 461 2442 per
482 2407 659 2442 prophetam
684 2407 799 2435 Domini
822 2407 924 2434 dicen-

143 2453 202 2479 tem
219 2461 226 2479 :
246 2462 259 2478 ‹<
272 2452 365 2488 lmpio
381 2453 495 2488 pra-bes
511 2454 669 2489 auxilium,
687 2456 715 2481 et
733 2454 768 2482 iis
783 2454 834 2490 qui
854 2454 924 2481 ode<

142 2500 211 2525 runt
238 2499 396 2527 Dominum
427 2500 556 2528 amicitia
581 2502 730 2537 jungeris,
754 2503 782 2528 et
810 2501 921 2529 idcirco

142 2544 217 2572 iram
241 2546 356 2573 Domini
378 2547 560 2582 merebaris3
585 2548 636 2576 sed
659 2549 740 2576 bona
764 2556 855 2585 opera
875 2549 921 2576 in-

141 2593 246 2626 venta,
261 2602 275 2617 r>
294 2594 348 2621 etc.
364 2595 384 2621 11
400 2595 507 2629 Parni„
525 2603 586 2629 nix,
601 2597 629 2629 Ξ,
641 2598 668 2624 3.

177 2639 316 2667 ochosias
330 2649 383 2668 rcx
401 2642 477 2669 Juda
492 2642 667 2671 ambulabat
684 2643 716 2671 in
732 2643 786 2671 viis
803 2643 921 2678 Achab,

141 2687 169 2713 et
190 2685 257 2714 fecit
274 2688 389 2716 maium
405 2697 506 2717 coram
529 2690 670 2726 Domin03
689 2693 717 2719 et
731 2700 820 2720 causa
832 2691 921 2727 hujus

1010 279 1109 308 statim
1141 280 1280 309 subditur
1304 290 1310 310 :
1338 291 1353 308 «
1376 283 1471 312 Gener
1493 283 1573 312 enim
1597 287 1660 314 erat
1684 285 1796 314 domus

1010 326 1122 356 Achab.
1138 337 1152 355 »
1172 329 1206 356 IV
1220 329 1298 364 Req„
1314 337 1381 364 vni,
1397 332 1441 359 27.

1047 374 1156 403 Eliczer
1175 375 1323 412 propheta
1347 377 1422 406 dixit
1444 379 1586 415 Josaphat
1610 380 1674 416 regi
1692 380 1792 410 suda:

1011 432 1024 447 n
1040 421 1114 456 Quia
1133 422 1265 450 habuisti
1287 423 1385 452 foedus
1406 433 1475 453 cum
1491 426 1616 455 ochozia
1623 447 1634 462 ,
1649 428 1795 464 percussit

1008 468 1151 496 Dominus
1169 477 1263 506 opera
1280 472 1345 505 tua,
1361 472 1552 510 contritaeque
1575 477 1644 503 sunt
1658 482 1760 504 naveS.
1776 487 1790 503 ι)

1007 515 1029 544 11
1043 516 1151 552 Pural„
1167 525 1206 545 xx
1217 537 1228 551 ‚
1243 519 1288 546 37.

1043 562 1128 591 Venit
1141 563 1234 593 homo
1250 565 1289 593 ad
1303 566 1454 595 Amasiam
1467 575 1572 604 regem
1586 569 1673 605 suda,
1689 572 1718 598 et
1732 571 1789 600 ait:

1009 618 1023 636 α
1037 611 1059 639 Ο
1074 611 1153 646 Rex,
1168 619 1206 639 ne
1222 612 1378 647 gradiatur
1397 615 1497 642 tecum
1512 615 1658 644 exercitus
1675 618 1765 645 Israel
1782 627 1789 646 :

1005 664 1068 685 non
1084 658 1165 685 enim
1178 660 1220 686 cst
1236 659 1377 688 Dominus
1392 669 1462 689 cum
1481 663 1580 691 Israel.
1598 663 1684 698 Quod
1698 664 1723 692 si
1737 673 1792 701 pu-

1004 705 1048 733 tas
1062 704 1094 732 in
1108 704 1220 733 robore
1236 706 1380 734 exercitus
1401 708 1482 736 belia
1506 710 1683 746 consistere,
1702 720 1790 748 supe-

1003 751 1063 779 rari
1078 753 1105 779 te
1119 751 1207 780 faciet
1222 753 1297 780 Deus
1313 753 1352 781 ab
1366 753 1512 784 hostibus.
1526 766 1539 783 n
1556 758 1578 785 11
1593 758 1701 794 Paral„
1717 767 1789 795 xxv,

1007 798 1024 826 7
1034 819 1043 833 ,
1059 798 1086 826 8.

1039 845 1266 874 AEdificantibus
1282 846 1352 874 filiis
1366 848 1443 876 Juda
1458 849 1604 886 templum
1624 853 1692 887 post
1711 852 1790 880 redi-

1002 893 1066 920 tum
1081 893 1118 920 de
1134 893 1298 929 Babylone,
1316 894 1416 922 hostes
1429 903 1535 924 eorum
1549 897 1707 927 voluerunt
1721 899 1790 927 aedi—

1002 938 1091 967 ficare
1107 948 1176 968 cum
1201 940 1269 969 illiS.
1297 941 1343 970 llli
1358 949 1428 970 vero
1441 964 1450 978 ,
1471 943 1554 972 bono
1579 945 1624 973 usi
1640 946 1764 975 consilio
1777 969 1787 982 ‚

1001 989 1173 1015 renuerunt.
1191 990 1200 1016 1
1215 989 1295 1023 Esd.,
1311 996 1353 1017 111.

1038 1036 1111 1063 Cum
1134 1035 1210 1063 irent
1234 1043 1338 1064 omues
1363 1036 1401 1064 ad
1426 1037 1534 1066 vitulos
1558 1047 1666 1067 aureos
1677 1061 1686 1075 ,
1711 1050 1788 1078 quos

999 1082 1161 1110 Jeroboam
1176 1082 1307 1118 fecerat,
1330 1083 1437 1112 Tobias
1460 1085 1542 1113 solus
1563 1085 1699 1122 fugiebat
1719 1095 1788 1116 cou-

1000 1129 1090 1157 sortia
1118 1129 1254 1158 omnium
1273 1151 1282 1165 ,
1309 1132 1337 1158 et
1363 1131 1510 1167 pergebat
1535 1132 1566 1160 in
1593 1133 1784 1163 Hierusalem.

1002 1177 1076 1210 Tob„
1091 1184 1116 1212 1,
1132 1179 1159 1204 5.

1034 1226 1138 1253 Beatus
1158 1225 1215 1253 Job
1231 1225 1303 1253 dicit
1328 1235 1334 1254 z
1352 1236 1366 1253 «
1381 1227 1480 1255 Frater
1498 1226 1541 1255 fui
1557 1228 1740 1264 draconum,
1757 1231 1785 1258 et

997 1272 1095 1300 socius
1110 1272 1320 1301 struthionum.
1338 1284 1350 1300 »
1367 1275 1425 1309 Job,
1442 1283 1513 1309 xxx,
1531 1277 1577 1303 29.

1033 1321 1105 1347 Cum
1121 1319 1243 1348 dixisset
1255 1320 1344 1348 lsaias
1360 1329 1368 1348 z
1383 1331 1397 1347 ιι
1411 1321 1460 1349 Vir
1473 1321 1606 1357 pollutus
1622 1322 1711 1351 labiis
1725 1332 1782 1359 ego

995 1375 1060 1395 sum
1070 1388 1078 1402 ,
1092 1378 1105 1393 »
1120 1375 1241 1395 causam
1256 1367 1410 1396 insinuans
1432 1369 1567 1396 subdidit
1581 1378 1587 1396 ι
1605 1379 1618 1396 ι(
1635 1372 1666 1398 ln
1679 1372 1782 1400 modio

994 1414 1099 1450 populi
1129 1414 1243 1450 polluta
1272 1415 1354 1443 lubia
1380 1415 1518 1444 habentis
1547 1424 1603 1451 ego
1635 1418 1748 1446 habito.
1765 1429 1779 1445 n

991 1462 1073 1496 Iscn'„
1090 1470 1119 1489 νι
1128 1483 1136 1496 ,
1152 1463 1178 1488 5.

1030 1509 1142 1537 Dictum
1157 1509 1212 1536 fuit
1227 1509 1370 1537 Ezechieli
1388 1520 1394 1538 :
1413 1520 1427 1536 «
1439 1512 1587 1539 increduli
1610 1515 1637 1540 ct
1657 1512 1779 1541 snbver-

992 1565 1073 1584 sores
1097 1559 1165 1584 sunt
1186 1559 1299 1592 tecum,
1316 1559 1344 1585 et
1367 1566 1435 1586 eum
1459 1559 1668 1595 scorpionibus
1695 1560 1779 1589 linbi-

990 1605 1042 1631 tas.
1059 1614 1072 1629 »
1095 1605 1204 1638 Ezech.‚
1221 1613 1259 1638 ιι,
1275 1606 1302 1632 6.

1026 1651 1092 1679 Mali
1107 1653 1216 1679 nocent
1235 1651 1292 1679 sibi
1308 1652 1453 1688 invicem,
1470 1660 1543 1680 nam
1563 1653 1624 1681 duo
1640 1662 1726 1683 senes
1741 1664 1776 1684 cx

990 1698 1047 1725 hoc
1060 1701 1238 1734 acceperunt
1249 1699 1408 1727 audaciam
1422 1701 1583 1728 accusandi
1597 1702 1774 1738 Susannam,

990 1745 1062 1781 quia
1082 1745 1114 1773 in
1129 1745 1267 1774 eamdem
1288 1746 1435 1774 malitiam
1456 1750 1669 1776 convenerunt.
1687 1751 1774 1785 Dan„

988 1801 1052 1820 xm.
1538 1793 1542 1795 “

1023 1840 1162 1874 Quandiu
1176 1840 1267 1868 Judas
1281 1841 1484 1876 Maehabaeus,
1502 1843 1659 1871 confidens
1673 1845 1710 1873 de
1727 1846 1772 1873 di—

986 1888 1057 1916 vino
1074 1888 1197 1922 auxilio,
1211 1888 1299 1923 gessit
1314 1888 1395 1916 bella
1410 1891 1465 1924 p'ro
1480 1891 1595 1926 populo
1612 1900 1679 1926 suo,
1695 1892 1773 1921 bene

987 1935 1012 1962 ei
1023 1935 1177 1969 successit;
1197 1944 1265 1962 cuni
1280 1944 1351 1963 vero
1369 1936 1518 1964 constituit
1533 1938 1694 1966 amicitiam
1705 1948 1773 1969 cum

986 1983 1124 2017 gentibus
1136 1982 1285 2017 Romanis„
1303 1983 1371 2010 licet
1390 1985 1458 2011 tunc
1469 1986 1701 2021 potentissimus,
1713 1988 1771 2015 cito

984 2031 1140 2065 superatus
1155 2028 1224 2062 fuit,
1246 2032 1273 2056 et
1288 2029 1318 2056 in
1341 2030 1422 2058 bello
1448 2031 1566 2059 occidit.
1583 2033 1592 2060 l
1612 2034 1714 2068 Mach„
1730 2043 1769 2062 ix.

1021 2075 1120 2103 Simile
1137 2075 1244 2104 accidit
1259 2077 1391 2105 Jonathae
1406 2077 1487 2106 fratri
1503 2079 1594 2107 Judae.
1610 2081 1767 2113 linat-hah..

983 2131 1034 2151 xn.

1019 2172 1118 2198 Petrus
1135 2170 1261 2198 existens
1277 2178 1346 2198 cum
1362 2171 1515 2208 discipulis
1530 2173 1561 2201 in
1575 2177 1661 2202 nocte
1677 2183 1768 2204 coenfe

982 2217 1097 2245 Domini
1114 2217 1241 2244 multum
1257 2220 1319 2246 crat
1333 2226 1469 2255 securn÷3
1487 2228 1556 2248 cum
1570 2224 1670 2249 autem
1685 2224 1766 2251 venit

982 2265 1021 2292 ad
1036 2264 1145 2292 atrium
1161 2265 1270 2292 summi
1290 2266 1453 2293 sacerdotis
1464 2288 1471 2300 ,
1490 2268 1647 2296 Dominum
1662 2269 1701 2296 ad
1717 2278 1764 2297 vo-

981 2320 1046 2339 cem
1061 2311 1149 2338 unius
1165 2311 1280 2338 ancillae
1297 2313 1427 2347 negavit.
1443 2315 1558 2348 Mutila,
1574 2324 1662 2349 xxvu
1679 2318 1763 2349 Mar.¹

980 2367 1048 2393 xlv3
1065 2360 1140 2390 Luc„
1154 2367 1232 2394 xxn3
1249 2360 1339 2394 Jocm„
1355 2368 1439 2388 xvm.

1016 2407 1116 2434 Caecus
1141 2406 1171 2433 in
1194 2406 1242 2434 via
1257 2407 1432 2434 mendicans
1447 2408 1596 2437 clamabat
1610 2410 1649 2437 ad
1665 2411 1763 2437 Domi-

978 2461 1051 2481 num
1065 2455 1178 2488 Jesnm5
1195 2465 1207 2479 α
1217 2456 1243 2481 ct
1254 2455 1303 2490 qui
1315 2455 1671 2492 praeibant,incrcpabant
1682 2466 1760 2492 cum,

977 2502 1010 2528 ut
1025 2502 1141 2528 taceret.
1154 2512 1167 2527 u
1185 2502 1261 2533 Luc„
1278 2510 1359 2536 xvm,
1377 2503 1420 2530 39.

1015 2551 1078 2577 Non
1091 2548 1146 2576 fnit
1161 2549 1235 2575 intcr
1248 2548 1352 2576 fideles
1368 2550 1471 2577 Christi
1484 2553 1695 2579 annumeratus
1711 2561 1762 2580 cae-

978 2604 1029 2623 cus
1044 2596 1094 2623 ille
1110 2597 1213 2628 natus,
1230 2604 1320 2631 quem
1341 2596 1481 2624 Dominus
1497 2597 1597 2625 videre
1612 2598 1695 2632 fecit,
1710 2599 1761 2626 do-

976 2652 1033 2672 nec
1049 2644 1131 2671 suita
1148 2643 1297 2672 Pharisaeis
1308 2643 1345 2671 de
1361 2645 1519 2681 Synagoga
1534 2646 1653 2681 ejectus.
1669 2647 1760 2680 Joan„

977 2699 1015 2719 ix.
