<?xml version="1.0" encoding="UTF-8"?>
<!DOCTYPE html PUBLIC "-//W3C//DTD XHTML 1.0 Transitional//EN"
    "http://www.w3.org/TR/xhtml1/DTD/xhtml1-transitional.dtd">
<html xmlns="http://www.w3.org/1999/xhtml" xml:lang="en" lang="en">
 <head>
  <title>
</title>
<meta http-equiv="Content-Type" content="text/html;charset=utf-8" />
  <meta name='ocr-system' content='tesseract 3.04.00' />
  <meta name='ocr-capabilities' content='ocr_page ocr_carea ocr_par ocr_line ocrx_word'/>
</head>
<body>
  <div class='ocr_page' id='page_1' title='image "./operaomniasixtiv08bonauoft/operaomniasixtiv08bonauoft_0182.png"; bbox 0 0 2004 3037; ppageno 0'>
   <div class='ocr_carea' id='block_1_1' title="bbox 244 248 302 280">
    <p class='ocr_par' dir='ltr' id='par_1_1' title="bbox 244 248 302 280">
     <span class='ocr_line' id='line_1_1' title="bbox 244 248 302 280; baseline -0.017 0"><span class='ocrx_word' id='word_1_1' title='bbox 244 248 302 280; x_wconf 69' lang='lat'>{62</span> 
     </span>
    </p>
   </div>
   <div class='ocr_carea' id='block_1_2' title="bbox 232 313 1019 2534">
    <p class='ocr_par' dir='ltr' id='par_1_2' title="bbox 241 313 1019 395">
     <span class='ocr_line' id='line_1_2' title="bbox 242 313 1019 351; baseline 0 -8"><span class='ocrx_word' id='word_1_2' title='bbox 242 314 488 350; x_wconf 81' lang='lat' dir='ltr'><strong>amaritudinem,</strong></span> <span class='ocrx_word' id='word_1_3' title='bbox 507 313 540 342; x_wconf 89' lang='lat' dir='ltr'>in</span> <span class='ocrx_word' id='word_1_4' title='bbox 559 314 654 343; x_wconf 90' lang='lat' dir='ltr'>oculis</span> <span class='ocrx_word' id='word_1_5' title='bbox 676 314 878 351; x_wconf 81' lang='lat' dir='ltr'>lacrymarum</span> <span class='ocrx_word' id='word_1_6' title='bbox 898 314 1019 344; x_wconf 80' lang='lat' dir='ltr'>effusio-</span> 
     </span>
     <span class='ocr_line' id='line_1_3' title="bbox 241 361 639 395; baseline 0 -5"><span class='ocrx_word' id='word_1_7' title='bbox 241 369 326 395; x_wconf 87' lang='lat' dir='ltr'>nem,</span> <span class='ocrx_word' id='word_1_8' title='bbox 339 361 371 388; x_wconf 92' lang='lat' dir='ltr'>in</span> <span class='ocrx_word' id='word_1_9' title='bbox 386 361 475 389; x_wconf 87' lang='lat' dir='ltr'>corde</span> <span class='ocrx_word' id='word_1_10' title='bbox 489 361 639 390; x_wconf 85' lang='lat' dir='ltr'>timorem.</span> 
     </span>
    </p>

    <p class='ocr_par' dir='ltr' id='par_1_3' title="bbox 233 407 1018 1422">
     <span class='ocr_line' id='line_1_4' title="bbox 276 407 1017 445; baseline 0.003 -10"><span class='ocrx_word' id='word_1_11' title='bbox 276 408 316 436; x_wconf 88' lang='lat' dir='ltr'>De</span> <span class='ocrx_word' id='word_1_12' title='bbox 330 408 423 436; x_wconf 87' lang='lat' dir='ltr'>modo</span> <span class='ocrx_word' id='word_1_13' title='bbox 444 407 592 443; x_wconf 87' lang='lat' dir='ltr'>patiendi,</span> <span class='ocrx_word' id='word_1_14' title='bbox 608 408 666 436; x_wconf 83' lang='lat' dir='ltr'>hoo</span> <span class='ocrx_word' id='word_1_15' title='bbox 679 408 842 436; x_wconf 87' lang='lat' dir='ltr'>tenendum</span> <span class='ocrx_word' id='word_1_16' title='bbox 856 409 918 443; x_wconf 88' lang='lat' dir='ltr'>est,</span> <span class='ocrx_word' id='word_1_17' title='bbox 933 409 1017 445; x_wconf 89' lang='lat' dir='ltr'>quod</span> 
     </span>
     <span class='ocr_line' id='line_1_5' title="bbox 241 454 1018 491; baseline 0 -8"><span class='ocrx_word' id='word_1_18' title='bbox 241 454 370 483; x_wconf 88' lang='lat' dir='ltr'>Christus</span> <span class='ocrx_word' id='word_1_19' title='bbox 383 462 487 490; x_wconf 88' lang='lat' dir='ltr'>passus</span> <span class='ocrx_word' id='word_1_20' title='bbox 507 457 549 482; x_wconf 90' lang='lat' dir='ltr'>est</span> <span class='ocrx_word' id='word_1_21' title='bbox 566 455 702 490; x_wconf 83' lang='lat' dir='ltr'>passione</span> <span class='ocrx_word' id='word_1_22' title='bbox 717 455 865 490; x_wconf 86' lang='lat' dir='ltr'>generali,</span> <span class='ocrx_word' id='word_1_23' title='bbox 882 455 953 491; x_wconf 87' lang='lat' dir='ltr'>quia</span> <span class='ocrx_word' id='word_1_24' title='bbox 972 463 1018 483; x_wconf 93' lang='lat' dir='ltr'>se-</span> 
     </span>
     <span class='ocr_line' id='line_1_6' title="bbox 241 501 1017 538; baseline 0.003 -10"><span class='ocrx_word' id='word_1_25' title='bbox 241 501 374 529; x_wconf 86' lang='lat' dir='ltr'>cundum</span> <span class='ocrx_word' id='word_1_26' title='bbox 397 501 499 529; x_wconf 91' lang='lat' dir='ltr'>omnia</span> <span class='ocrx_word' id='word_1_27' title='bbox 523 501 660 529; x_wconf 86' lang='lat' dir='ltr'>membra</span> <span class='ocrx_word' id='word_1_28' title='bbox 685 501 817 538; x_wconf 89' lang='lat' dir='ltr'>corporis</span> <span class='ocrx_word' id='word_1_29' title='bbox 834 502 866 529; x_wconf 86' lang='lat'>²:</span> <span class='ocrx_word' id='word_1_30' title='bbox 891 502 1017 530; x_wconf 81' lang='lat' dir='ltr'><strong><em>Vidimus</em></strong></span> 
     </span>
     <span class='ocr_line' id='line_1_7' title="bbox 241 548 1016 583; baseline 0.003 -9"><span class='ocrx_word' id='word_1_31' title='bbox 241 555 299 575; x_wconf 87' lang='lat' dir='ltr'>eum</span> <span class='ocrx_word' id='word_1_32' title='bbox 322 555 375 575; x_wconf 82' lang='lat' dir='ltr'>non</span> <span class='ocrx_word' id='word_1_33' title='bbox 398 549 534 576; x_wconf 79' lang='lat' dir='ltr'><em>habentem</em></span> <span class='ocrx_word' id='word_1_34' title='bbox 558 550 671 582; x_wconf 83' lang='lat' dir='ltr'>speciem</span> <span class='ocrx_word' id='word_1_35' title='bbox 695 556 778 583; x_wconf 80' lang='lat' dir='ltr'>neque</span> <span class='ocrx_word' id='word_1_36' title='bbox 797 548 925 576; x_wconf 81' lang='lat' dir='ltr'><strong><em>decorem.</em></strong></span> <span class='ocrx_word' id='word_1_37' title='bbox 945 549 1016 576; x_wconf 79' lang='lat' dir='ltr'>Item</span> 
     </span>
     <span class='ocr_line' id='line_1_8' title="bbox 239 594 1017 631; baseline 0.001 -9"><span class='ocrx_word' id='word_1_38' title='bbox 239 594 377 631; x_wconf 81' lang='lat' dir='ltr'>passione</span> <span class='ocrx_word' id='word_1_39' title='bbox 395 594 524 623; x_wconf 79' lang='lat' dir='ltr'>acerba&#39;</span> <span class='ocrx_word' id='word_1_40' title='bbox 538 603 545 622; x_wconf 89' lang='lat'><strong>:</strong></span> <span class='ocrx_word' id='word_1_41' title='bbox 564 595 585 623; x_wconf 93' lang='grc'>0</span> <span class='ocrx_word' id='word_1_42' title='bbox 599 603 644 622; x_wconf 86' lang='lat' dir='ltr'>vos</span> <span class='ocrx_word' id='word_1_43' title='bbox 659 603 746 623; x_wconf 82' lang='lat' dir='ltr'>omnes</span> <span class='ocrx_word' id='word_1_44' title='bbox 762 597 810 630; x_wconf 80' lang='lat' dir='ltr'>qui</span> <span class='ocrx_word' id='word_1_45' title='bbox 825 597 948 623; x_wconf 74' lang='lat' dir='ltr'><em>transitis</em></span> <span class='ocrx_word' id='word_1_46' title='bbox 967 603 1017 630; x_wconf 80' lang='lat' dir='ltr'>per</span> 
     </span>
     <span class='ocr_line' id='line_1_9' title="bbox 238 640 1016 677; baseline 0.001 -9"><span class='ocrx_word' id='word_1_47' title='bbox 238 643 327 676; x_wconf 77' lang='lat' dir='ltr'>viam,</span> <span class='ocrx_word' id='word_1_48' title='bbox 349 643 403 669; x_wconf 86' lang='lat' dir='ltr'>etc.</span> <span class='ocrx_word' id='word_1_49' title='bbox 430 641 494 668; x_wconf 82' lang='lat' dir='ltr'>Fuit</span> <span class='ocrx_word' id='word_1_50' title='bbox 518 640 621 669; x_wconf 80' lang='lat' dir='ltr'>Christi</span> <span class='ocrx_word' id='word_1_51' title='bbox 646 641 744 677; x_wconf 87' lang='lat' dir='ltr'>passio</span> <span class='ocrx_word' id='word_1_52' title='bbox 773 641 905 670; x_wconf 80' lang='lat' dir='ltr'>maxima</span> <span class='ocrx_word' id='word_1_53' title='bbox 925 651 932 669; x_wconf 76' lang='lat' dir='ltr'><strong><em>z</em></strong></span> <span class='ocrx_word' id='word_1_54' title='bbox 953 643 1016 669; x_wconf 91' lang='lat' dir='ltr'>tum</span> 
     </span>
     <span class='ocr_line' id='line_1_10' title="bbox 238 687 1017 724; baseline 0.001 -9"><span class='ocrx_word' id='word_1_55' title='bbox 238 687 352 716; x_wconf 86' lang='lat' dir='ltr'>ratione</span> <span class='ocrx_word' id='word_1_56' title='bbox 371 687 557 722; x_wconf 89' lang='lat' dir='ltr'>intentionis,</span> <span class='ocrx_word' id='word_1_57' title='bbox 579 689 702 724; x_wconf 90' lang='lat' dir='ltr'>propter</span> <span class='ocrx_word' id='word_1_58' title='bbox 724 688 868 724; x_wconf 85' lang='lat' dir='ltr'>optimam</span> <span class='ocrx_word' id='word_1_59' title='bbox 890 688 1017 724; x_wconf 88' lang='lat' dir='ltr'>disposi-</span> 
     </span>
     <span class='ocr_line' id='line_1_11' title="bbox 238 733 1015 771; baseline 0 -9"><span class='ocrx_word' id='word_1_60' title='bbox 238 733 349 762; x_wconf 89' lang='lat' dir='ltr'>tionem</span> <span class='ocrx_word' id='word_1_61' title='bbox 369 734 461 770; x_wconf 90' lang='lat' dir='ltr'>ipsius</span> <span class='ocrx_word' id='word_1_62' title='bbox 483 734 639 770; x_wconf 83' lang='lat' dir='ltr'>patientis3</span> <span class='ocrx_word' id='word_1_63' title='bbox 659 735 723 762; x_wconf 89' lang='lat' dir='ltr'>tum</span> <span class='ocrx_word' id='word_1_64' title='bbox 737 737 860 771; x_wconf 87' lang='lat' dir='ltr'>propter</span> <span class='ocrx_word' id='word_1_65' title='bbox 873 734 1015 762; x_wconf 84' lang='lat' dir='ltr'>innocen·</span> 
     </span>
     <span class='ocr_line' id='line_1_12' title="bbox 238 780 1015 817; baseline 0 -9"><span class='ocrx_word' id='word_1_66' title='bbox 238 780 309 808; x_wconf 84' lang='lat' dir='ltr'>tiam</span> <span class='ocrx_word' id='word_1_67' title='bbox 323 781 406 816; x_wconf 80' lang='lat' dir='ltr'>ejus3</span> <span class='ocrx_word' id='word_1_68' title='bbox 422 783 485 808; x_wconf 89' lang='lat' dir='ltr'>tum</span> <span class='ocrx_word' id='word_1_69' title='bbox 501 782 623 817; x_wconf 87' lang='lat' dir='ltr'>propter</span> <span class='ocrx_word' id='word_1_70' title='bbox 637 781 761 809; x_wconf 90' lang='lat' dir='ltr'>honoris</span> <span class='ocrx_word' id='word_1_71' title='bbox 785 781 848 816; x_wconf 90' lang='lat' dir='ltr'>ejus</span> <span class='ocrx_word' id='word_1_72' title='bbox 868 780 1015 809; x_wconf 82' lang='lat' dir='ltr'>excellen-</span> 
     </span>
     <span class='ocr_line' id='line_1_13' title="bbox 237 827 1015 863; baseline 0 -8"><span class='ocrx_word' id='word_1_73' title='bbox 237 827 318 855; x_wconf 88' lang='lat' dir='ltr'>tiam.</span> <span class='ocrx_word' id='word_1_74' title='bbox 341 827 528 855; x_wconf 82' lang='lat' dir='ltr'>Honorabilis</span> <span class='ocrx_word' id='word_1_75' title='bbox 553 827 649 862; x_wconf 90' lang='lat' dir='ltr'>enim,</span> <span class='ocrx_word' id='word_1_76' title='bbox 675 828 698 855; x_wconf 92' lang='lat' dir='ltr'>si</span> <span class='ocrx_word' id='word_1_77' title='bbox 721 827 921 862; x_wconf 85' lang='lat' dir='ltr'>confunditur,</span> <span class='ocrx_word' id='word_1_78' title='bbox 946 827 1015 863; x_wconf 89' lang='lat' dir='ltr'>plus</span> 
     </span>
     <span class='ocr_line' id='line_1_14' title="bbox 236 873 1015 910; baseline -0.001 -9"><span class='ocrx_word' id='word_1_79' title='bbox 236 873 363 908; x_wconf 76' lang='lat' dir='ltr'>laeditur,</span> <span class='ocrx_word' id='word_1_80' title='bbox 376 875 403 901; x_wconf 88' lang='lat' dir='ltr'>et</span> <span class='ocrx_word' id='word_1_81' title='bbox 415 873 562 910; x_wconf 56' lang='lat' dir='ltr'>praecipue</span> <span class='ocrx_word' id='word_1_82' title='bbox 578 873 653 901; x_wconf 90' lang='lat' dir='ltr'>inter</span> <span class='ocrx_word' id='word_1_83' title='bbox 665 881 744 901; x_wconf 90' lang='lat' dir='ltr'>suos.</span> <span class='ocrx_word' id='word_1_84' title='bbox 763 874 835 902; x_wconf 82' lang='lat' dir='ltr'>Item</span> <span class='ocrx_word' id='word_1_85' title='bbox 849 873 947 909; x_wconf 83' lang='lat' dir='ltr'>gravis</span> <span class='ocrx_word' id='word_1_86' title='bbox 961 873 1015 901; x_wconf 81' lang='lat' dir='ltr'>fuit</span> 
     </span>
     <span class='ocr_line' id='line_1_15' title="bbox 237 920 1016 957; baseline 0 -9"><span class='ocrx_word' id='word_1_87' title='bbox 237 921 299 956; x_wconf 85' lang='lat' dir='ltr'>ejus</span> <span class='ocrx_word' id='word_1_88' title='bbox 313 920 412 957; x_wconf 82' lang='lat' dir='ltr'>passio</span> <span class='ocrx_word' id='word_1_89' title='bbox 437 923 559 957; x_wconf 90' lang='lat' dir='ltr'>propter</span> <span class='ocrx_word' id='word_1_90' title='bbox 582 921 674 957; x_wconf 91' lang='lat' dir='ltr'>ipsius</span> <span class='ocrx_word' id='word_1_91' title='bbox 695 921 927 955; x_wconf 86' lang='lat' dir='ltr'>virtuositatem,</span> <span class='ocrx_word' id='word_1_92' title='bbox 943 920 1016 957; x_wconf 86' lang='lat' dir='ltr'>quia</span> 
     </span>
     <span class='ocr_line' id='line_1_16' title="bbox 235 967 1014 1001; baseline -0.001 -6"><span class='ocrx_word' id='word_1_93' title='bbox 235 967 327 995; x_wconf 91' lang='lat' dir='ltr'>homo</span> <span class='ocrx_word' id='word_1_94' title='bbox 349 967 415 995; x_wconf 89' lang='lat' dir='ltr'>vilis</span> <span class='ocrx_word' id='word_1_95' title='bbox 434 967 471 995; x_wconf 90' lang='lat' dir='ltr'>de</span> <span class='ocrx_word' id='word_1_96' title='bbox 492 969 586 995; x_wconf 88' lang='lat' dir='ltr'>morte</span> <span class='ocrx_word' id='word_1_97' title='bbox 613 974 667 995; x_wconf 85' lang='lat' dir='ltr'>sua</span> <span class='ocrx_word' id='word_1_98' title='bbox 691 967 792 995; x_wconf 87' lang='lat' dir='ltr'>dolere</span> <span class='ocrx_word' id='word_1_99' title='bbox 816 975 879 995; x_wconf 91' lang='lat' dir='ltr'>non</span> <span class='ocrx_word' id='word_1_100' title='bbox 903 967 1014 1001; x_wconf 88' lang='lat' dir='ltr'>dehet,</span> 
     </span>
     <span class='ocr_line' id='line_1_17' title="bbox 235 1013 1013 1049; baseline 0 -8"><span class='ocrx_word' id='word_1_101' title='bbox 235 1021 304 1041; x_wconf 88' lang='lat' dir='ltr'>cum</span> <span class='ocrx_word' id='word_1_102' title='bbox 331 1013 484 1049; x_wconf 87' lang='lat' dir='ltr'>turpitudo</span> <span class='ocrx_word' id='word_1_103' title='bbox 511 1021 565 1041; x_wconf 86' lang='lat' dir='ltr'>sua</span> <span class='ocrx_word' id='word_1_104' title='bbox 593 1015 662 1040; x_wconf 85' lang='lat' dir='ltr'>tunc</span> <span class='ocrx_word' id='word_1_105' title='bbox 687 1013 778 1041; x_wconf 85' lang='lat' dir='ltr'>finem</span> <span class='ocrx_word' id='word_1_106' title='bbox 804 1013 909 1049; x_wconf 84' lang='lat' dir='ltr'>capiat.</span> <span class='ocrx_word' id='word_1_107' title='bbox 942 1015 1013 1041; x_wconf 87' lang='lat' dir='ltr'>Item</span> 
     </span>
     <span class='ocr_line' id='line_1_18' title="bbox 234 1059 1014 1096; baseline 0.001 -9"><span class='ocrx_word' id='word_1_108' title='bbox 234 1061 355 1096; x_wconf 87' lang='lat' dir='ltr'>propter</span> <span class='ocrx_word' id='word_1_109' title='bbox 382 1059 614 1095; x_wconf 85' lang='lat' dir='ltr'>ignominiosam</span> <span class='ocrx_word' id='word_1_110' title='bbox 640 1059 811 1096; x_wconf 85' lang='lat' dir='ltr'>passionem</span> <span class='ocrx_word' id='word_1_111' title='bbox 826 1061 861 1087; x_wconf 77' lang='lat'>³:</span> <span class='ocrx_word' id='word_1_112' title='bbox 886 1060 1014 1088; x_wconf 80' lang='lat' dir='ltr'>Vidimus</span> 
     </span>
     <span class='ocr_line' id='line_1_19' title="bbox 235 1106 1013 1142; baseline 0 -8"><span class='ocrx_word' id='word_1_113' title='bbox 235 1115 295 1134; x_wconf 85' lang='lat' dir='ltr'>eum</span> <span class='ocrx_word' id='word_1_114' title='bbox 315 1107 483 1142; x_wconf 82' lang='lat' dir='ltr'>despectum,</span> <span class='ocrx_word' id='word_1_115' title='bbox 505 1108 559 1134; x_wconf 84' lang='lat' dir='ltr'>etc.</span> <span class='ocrx_word' id='word_1_116' title='bbox 587 1107 649 1134; x_wconf 77' lang='lat' dir='ltr'>uaee</span> <span class='ocrx_word' id='word_1_117' title='bbox 670 1108 769 1134; x_wconf 91' lang='lat' dir='ltr'>autem</span> <span class='ocrx_word' id='word_1_118' title='bbox 790 1106 956 1142; x_wconf 79' lang='lat' dir='ltr'>ignominia</span> <span class='ocrx_word' id='word_1_119' title='bbox 970 1108 1013 1135; x_wconf 83' lang='lat' dir='ltr'>at-</span> 
     </span>
     <span class='ocr_line' id='line_1_20' title="bbox 234 1153 1012 1189; baseline 0 -9"><span class='ocrx_word' id='word_1_120' title='bbox 234 1153 362 1181; x_wconf 82' lang='lat' dir='ltr'>tenditur</span> <span class='ocrx_word' id='word_1_121' title='bbox 374 1153 404 1180; x_wconf 89' lang='lat' dir='ltr'>in</span> <span class='ocrx_word' id='word_1_122' title='bbox 417 1153 552 1189; x_wconf 89' lang='lat' dir='ltr'>patibulo</span> <span class='ocrx_word' id='word_1_123' title='bbox 568 1153 678 1187; x_wconf 89' lang='lat' dir='ltr'>crucis,</span> <span class='ocrx_word' id='word_1_124' title='bbox 689 1161 755 1188; x_wconf 83' lang='lat' dir='ltr'>quae</span> <span class='ocrx_word' id='word_1_125' title='bbox 769 1153 823 1181; x_wconf 78' lang='lat' dir='ltr'>fuit</span> <span class='ocrx_word' id='word_1_126' title='bbox 833 1153 1012 1189; x_wconf 83' lang='lat' dir='ltr'>supplicium</span> 
     </span>
     <span class='ocr_line' id='line_1_21' title="bbox 234 1199 1012 1235; baseline 0 -8"><span class='ocrx_word' id='word_1_127' title='bbox 234 1200 447 1235; x_wconf 71' lang='lat' dir='ltr'>pessimorum,-</span> <span class='ocrx_word' id='word_1_128' title='bbox 460 1202 488 1226; x_wconf 83' lang='lat' dir='ltr'>et</span> <span class='ocrx_word' id='word_1_129' title='bbox 502 1199 532 1226; x_wconf 91' lang='lat' dir='ltr'>in</span> <span class='ocrx_word' id='word_1_130' title='bbox 548 1199 695 1227; x_wconf 81' lang='lat' dir='ltr'>consortio</span> <span class='ocrx_word' id='word_1_131' title='bbox 707 1199 891 1235; x_wconf 90' lang='lat' dir='ltr'>iniquorum,</span> <span class='ocrx_word' id='word_1_132' title='bbox 903 1199 1012 1228; x_wconf 89' lang='lat' dir='ltr'>scilicet</span> 
     </span>
     <span class='ocr_line' id='line_1_22' title="bbox 234 1245 1012 1281; baseline 0.001 -8"><span class='ocrx_word' id='word_1_133' title='bbox 234 1245 385 1273; x_wconf 85' lang='lat' dir='ltr'>latronum</span> <span class='ocrx_word' id='word_1_134' title='bbox 415 1253 483 1273; x_wconf 93' lang='lat' dir='ltr'>cum</span> <span class='ocrx_word' id='word_1_135' title='bbox 510 1245 620 1281; x_wconf 87' lang='lat' dir='ltr'>quibus</span> <span class='ocrx_word' id='word_1_136' title='bbox 647 1247 708 1273; x_wconf 88' lang='lat' dir='ltr'>erat</span> <span class='ocrx_word' id='word_1_137' title='bbox 734 1245 899 1281; x_wconf 89' lang='lat' dir='ltr'>deputatus.</span> <span class='ocrx_word' id='word_1_138' title='bbox 924 1248 1012 1274; x_wconf 88' lang='lat' dir='ltr'><em>Curat</em></span> 
     </span>
     <span class='ocr_line' id='line_1_23' title="bbox 234 1292 1010 1328; baseline 0 -8"><span class='ocrx_word' id='word_1_139' title='bbox 234 1293 332 1320; x_wconf 87' lang='lat' dir='ltr'>autem</span> <span class='ocrx_word' id='word_1_140' title='bbox 356 1293 484 1320; x_wconf 77' lang='lat' dir='ltr'>Christus</span> <span class='ocrx_word' id='word_1_141' title='bbox 508 1292 644 1328; x_wconf 88' lang='lat' dir='ltr'>passione</span> <span class='ocrx_word' id='word_1_142' title='bbox 667 1292 797 1328; x_wconf 82' lang='lat' dir='ltr'>generali</span> <span class='ocrx_word' id='word_1_143' title='bbox 822 1292 1010 1321; x_wconf 83' lang='lat' dir='ltr'>infectionem</span> 
     </span>
     <span class='ocr_line' id='line_1_24' title="bbox 234 1338 1011 1376; baseline 0.001 -10"><span class='ocrx_word' id='word_1_144' title='bbox 234 1338 432 1367; x_wconf 87' lang='lat' dir='ltr'>universalem</span> <span class='ocrx_word' id='word_1_145' title='bbox 438 1349 446 1374; x_wconf 78' lang='lat'><em>3</em></span> <span class='ocrx_word' id='word_1_146' title='bbox 460 1339 598 1375; x_wconf 83' lang='lat' dir='ltr'>passione</span> <span class='ocrx_word' id='word_1_147' title='bbox 614 1339 737 1374; x_wconf 89' lang='lat' dir='ltr'>acerba,</span> <span class='ocrx_word' id='word_1_148' title='bbox 752 1339 908 1367; x_wconf 85' lang='lat' dir='ltr'>libidinem</span> <span class='ocrx_word' id='word_1_149' title='bbox 920 1349 927 1374; x_wconf 81' lang='lat'><em>3</em></span> <span class='ocrx_word' id='word_1_150' title='bbox 943 1347 1011 1376; x_wconf 83' lang='lat' dir='ltr'>pas-</span> 
     </span>
     <span class='ocr_line' id='line_1_25' title="bbox 233 1385 1008 1422; baseline 0.003 -10"><span class='ocrx_word' id='word_1_151' title='bbox 233 1385 316 1412; x_wconf 86' lang='lat' dir='ltr'>sione</span> <span class='ocrx_word' id='word_1_152' title='bbox 331 1385 549 1421; x_wconf 88' lang='lat' dir='ltr'>ignominiosa,</span> <span class='ocrx_word' id='word_1_153' title='bbox 569 1385 715 1421; x_wconf 85' lang='lat' dir='ltr'>superbiae</span> <span class='ocrx_word' id='word_1_154' title='bbox 738 1386 1008 1422; x_wconf 83' lang='lat' dir='ltr'>praesumptionem.</span> 
     </span>
    </p>

    <p class='ocr_par' dir='ltr' id='par_1_4' title="bbox 232 1431 1011 1744">
     <span class='ocr_line' id='line_1_26' title="bbox 269 1431 1010 1467; baseline 0.003 -9"><span class='ocrx_word' id='word_1_155' title='bbox 269 1432 300 1459; x_wconf 92' lang='lat' dir='ltr'>ln</span> <span class='ocrx_word' id='word_1_156' title='bbox 316 1439 406 1459; x_wconf 88' lang='lat' dir='ltr'>causa</span> <span class='ocrx_word' id='word_1_157' title='bbox 425 1431 571 1467; x_wconf 87' lang='lat' dir='ltr'>passionis</span> <span class='ocrx_word' id='word_1_158' title='bbox 593 1431 753 1459; x_wconf 89' lang='lat' dir='ltr'>attenditur</span> <span class='ocrx_word' id='word_1_159' title='bbox 768 1431 894 1459; x_wconf 82' lang='lat' dir='ltr'>charitas</span> <span class='ocrx_word' id='word_1_160' title='bbox 915 1432 1010 1460; x_wconf 84' lang='lat' dir='ltr'>maxi-</span> 
     </span>
     <span class='ocr_line' id='line_1_27' title="bbox 233 1477 1008 1513; baseline 0.001 -9"><span class='ocrx_word' id='word_1_161' title='bbox 233 1484 300 1511; x_wconf 91' lang='lat' dir='ltr'>ma,</span> <span class='ocrx_word' id='word_1_162' title='bbox 317 1485 377 1513; x_wconf 88' lang='lat' dir='ltr'>qua</span> <span class='ocrx_word' id='word_1_163' title='bbox 390 1485 445 1505; x_wconf 89' lang='lat' dir='ltr'>nos</span> <span class='ocrx_word' id='word_1_164' title='bbox 459 1477 595 1505; x_wconf 87' lang='lat' dir='ltr'>liberavit</span> <span class='ocrx_word' id='word_1_165' title='bbox 607 1486 624 1505; x_wconf 92' lang='lat' dir='ltr'>a</span> <span class='ocrx_word' id='word_1_166' title='bbox 636 1480 776 1513; x_wconf 81' lang='lat' dir='ltr'>peccat03</span> <span class='ocrx_word' id='word_1_167' title='bbox 792 1478 828 1513; x_wconf 87' lang='lat' dir='ltr'>(a)</span> <span class='ocrx_word' id='word_1_168' title='bbox 844 1479 1008 1513; x_wconf 87' lang='lat' dir='ltr'>renovavit,</span> 
     </span>
     <span class='ocr_line' id='line_1_28' title="bbox 233 1523 1011 1560; baseline 0.001 -9"><span class='ocrx_word' id='word_1_169' title='bbox 233 1523 358 1558; x_wconf 81' lang='lat' dir='ltr'>gratiam</span> <span class='ocrx_word' id='word_1_170' title='bbox 373 1524 548 1559; x_wconf 77' lang='lat' dir='ltr'>largiend03</span> <span class='ocrx_word' id='word_1_171' title='bbox 573 1532 634 1560; x_wconf 89' lang='lat' dir='ltr'>qua</span> <span class='ocrx_word' id='word_1_172' title='bbox 657 1524 765 1552; x_wconf 77' lang='lat' dir='ltr'>coelum</span> <span class='ocrx_word' id='word_1_173' title='bbox 786 1525 901 1560; x_wconf 86' lang='lat' dir='ltr'>aperuit</span> <span class='ocrx_word' id='word_1_174' title='bbox 915 1546 923 1559; x_wconf 95' lang='lat'>,</span> <span class='ocrx_word' id='word_1_175' title='bbox 947 1524 1011 1560; x_wconf 89' lang='lat' dir='ltr'>glo-</span> 
     </span>
     <span class='ocr_line' id='line_1_29' title="bbox 232 1570 1009 1599; baseline 0.001 -1"><span class='ocrx_word' id='word_1_176' title='bbox 232 1570 308 1598; x_wconf 87' lang='lat' dir='ltr'>riam</span> <span class='ocrx_word' id='word_1_177' title='bbox 330 1570 521 1598; x_wconf 85' lang='lat' dir='ltr'>confcrendo.</span> <span class='ocrx_word' id='word_1_178' title='bbox 549 1573 612 1598; x_wconf 76' lang='lat' dir='ltr'>iiaec</span> <span class='ocrx_word' id='word_1_179' title='bbox 634 1571 689 1598; x_wconf 87' lang='lat' dir='ltr'>tria</span> <span class='ocrx_word' id='word_1_180' title='bbox 710 1573 849 1599; x_wconf 86' lang='lat' dir='ltr'>notantur</span> <span class='ocrx_word' id='word_1_181' title='bbox 874 1571 903 1599; x_wconf 89' lang='lat' dir='ltr'>in</span> <span class='ocrx_word' id='word_1_182' title='bbox 925 1571 1009 1599; x_wconf 88' lang='lat' dir='ltr'>titulo</span> 
     </span>
     <span class='ocr_line' id='line_1_30' title="bbox 233 1617 1007 1653; baseline 0.003 -9"><span class='ocrx_word' id='word_1_183' title='bbox 233 1617 326 1644; x_wconf 89' lang='lat' dir='ltr'>crucis</span> <span class='ocrx_word' id='word_1_184' title='bbox 348 1627 354 1644; x_wconf 71' lang='grc' dir='ltr'>ε</span> <span class='ocrx_word' id='word_1_185' title='bbox 382 1626 451 1645; x_wconf 88' lang='lat' dir='ltr'>nam</span> <span class='ocrx_word' id='word_1_186' title='bbox 475 1620 596 1653; x_wconf 86' lang='lat' dir='ltr'>propter</span> <span class='ocrx_word' id='word_1_187' title='bbox 624 1617 754 1653; x_wconf 87' lang='lat' dir='ltr'>primum</span> <span class='ocrx_word' id='word_1_188' title='bbox 781 1618 886 1646; x_wconf 84' lang='lat' dir='ltr'>dicitur</span> <span class='ocrx_word' id='word_1_189' title='bbox 909 1619 1007 1653; x_wconf 72' lang='lat' dir='ltr'>Jssus3</span> 
     </span>
     <span class='ocr_line' id='line_1_31' title="bbox 232 1664 1010 1701; baseline 0.004 -11"><span class='ocrx_word' id='word_1_190' title='bbox 232 1666 353 1699; x_wconf 85' lang='lat' dir='ltr'>propter</span> <span class='ocrx_word' id='word_1_191' title='bbox 374 1664 538 1691; x_wconf 83' lang='lat' dir='ltr'>secundum</span> <span class='ocrx_word' id='word_1_192' title='bbox 565 1664 671 1691; x_wconf 80' lang='lat' dir='ltr'>(licitur</span> <span class='ocrx_word' id='word_1_193' title='bbox 694 1665 873 1697; x_wconf 78' lang='lat' dir='ltr'>Nazarenus;</span> <span class='ocrx_word' id='word_1_194' title='bbox 889 1667 1010 1701; x_wconf 86' lang='lat' dir='ltr'>propter</span> 
     </span>
     <span class='ocr_line' id='line_1_32' title="bbox 233 1710 620 1744; baseline -0.003 -7"><span class='ocrx_word' id='word_1_195' title='bbox 233 1710 349 1737; x_wconf 85' lang='lat' dir='ltr'>tertium</span> <span class='ocrx_word' id='word_1_196' title='bbox 361 1731 369 1744; x_wconf 89' lang='lat'>,</span> <span class='ocrx_word' id='word_1_197' title='bbox 386 1711 442 1737; x_wconf 67' lang='grc' dir='ltr'>Πρω</span> <span class='ocrx_word' id='word_1_198' title='bbox 455 1711 620 1737; x_wconf 74' lang='lat' dir='ltr'>Jucloeornm.</span> 
     </span>
    </p>

    <p class='ocr_par' dir='ltr' id='par_1_5' title="bbox 232 1756 1009 2534">
     <span class='ocr_line' id='line_1_33' title="bbox 269 1756 1009 1792; baseline 0.003 -10"><span class='ocrx_word' id='word_1_199' title='bbox 269 1756 396 1783; x_wconf 90' lang='lat' dir='ltr'>Christus</span> <span class='ocrx_word' id='word_1_200' title='bbox 411 1764 461 1783; x_wconf 79' lang='lat' dir='ltr'>sex</span> <span class='ocrx_word' id='word_1_201' title='bbox 476 1756 591 1783; x_wconf 88' lang='lat' dir='ltr'>vicibus</span> <span class='ocrx_word' id='word_1_202' title='bbox 610 1756 786 1791; x_wconf 84' lang='lat' dir='ltr'>sanguinem</span> <span class='ocrx_word' id='word_1_203' title='bbox 806 1765 894 1784; x_wconf 88' lang='lat' dir='ltr'>suum</span> <span class='ocrx_word' id='word_1_204' title='bbox 914 1757 1009 1792; x_wconf 79' lang='lat' dir='ltr'>rudit,</span> 
     </span>
     <span class='ocr_line' id='line_1_34' title="bbox 234 1802 1009 1838; baseline 0.003 -9"><span class='ocrx_word' id='word_1_205' title='bbox 234 1802 394 1838; x_wconf 83' lang='lat' dir='ltr'>quinquies</span> <span class='ocrx_word' id='word_1_206' title='bbox 413 1802 498 1830; x_wconf 83' lang='lat' dir='ltr'>vivus</span> <span class='ocrx_word' id='word_1_207' title='bbox 509 1823 517 1836; x_wconf 87' lang='lat'>,</span> <span class='ocrx_word' id='word_1_208' title='bbox 532 1805 559 1830; x_wconf 85' lang='lat' dir='ltr'>et</span> <span class='ocrx_word' id='word_1_209' title='bbox 574 1802 665 1830; x_wconf 89' lang='lat' dir='ltr'>semel</span> <span class='ocrx_word' id='word_1_210' title='bbox 684 1804 817 1830; x_wconf 87' lang='lat' dir='ltr'>mortuus</span> <span class='ocrx_word' id='word_1_211' title='bbox 828 1824 837 1836; x_wconf 93' lang='lat'><em>‚</em></span> <span class='ocrx_word' id='word_1_212' title='bbox 857 1803 966 1832; x_wconf 79' lang='lat' dir='ltr'>scilicet</span> <span class='ocrx_word' id='word_1_213' title='bbox 979 1804 1009 1831; x_wconf 93' lang='lat' dir='ltr'>in</span> 
     </span>
     <span class='ocr_line' id='line_1_35' title="bbox 235 1848 1009 1884; baseline 0.001 -9"><span class='ocrx_word' id='word_1_214' title='bbox 235 1848 456 1876; x_wconf 83' lang='lat' dir='ltr'>circumcisione</span> <span class='ocrx_word' id='word_1_215' title='bbox 468 1870 476 1883; x_wconf 91' lang='lat'>,</span> <span class='ocrx_word' id='word_1_216' title='bbox 493 1848 524 1876; x_wconf 91' lang='lat' dir='ltr'>in</span> <span class='ocrx_word' id='word_1_217' title='bbox 539 1849 672 1876; x_wconf 85' lang='lat' dir='ltr'>oratione</span> <span class='ocrx_word' id='word_1_218' title='bbox 684 1870 693 1883; x_wconf 88' lang='lat'>,</span> <span class='ocrx_word' id='word_1_219' title='bbox 706 1849 736 1876; x_wconf 91' lang='lat' dir='ltr'>in</span> <span class='ocrx_word' id='word_1_220' title='bbox 751 1850 958 1884; x_wconf 80' lang='lat' dir='ltr'>coronatione,</span> <span class='ocrx_word' id='word_1_221' title='bbox 978 1850 1009 1877; x_wconf 93' lang='lat' dir='ltr'>in</span> 
     </span>
     <span class='ocr_line' id='line_1_36' title="bbox 234 1894 1006 1930; baseline 0.001 -8"><span class='ocrx_word' id='word_1_222' title='bbox 234 1894 452 1930; x_wconf 86' lang='lat' dir='ltr'>flagellatione,</span> <span class='ocrx_word' id='word_1_223' title='bbox 475 1895 505 1923; x_wconf 91' lang='lat' dir='ltr'>iu</span> <span class='ocrx_word' id='word_1_224' title='bbox 530 1895 741 1930; x_wconf 84' lang='lat' dir='ltr'>crucifixione,</span> <span class='ocrx_word' id='word_1_225' title='bbox 764 1896 793 1923; x_wconf 93' lang='lat' dir='ltr'>in</span> <span class='ocrx_word' id='word_1_226' title='bbox 813 1896 1006 1924; x_wconf 87' lang='lat' dir='ltr'>lanceatione.</span> 
     </span>
     <span class='ocr_line' id='line_1_37' title="bbox 233 1941 1009 1978; baseline 0.003 -10"><span class='ocrx_word' id='word_1_227' title='bbox 233 1942 286 1969; x_wconf 86' lang='lat' dir='ltr'>Per</span> <span class='ocrx_word' id='word_1_228' title='bbox 300 1942 430 1977; x_wconf 84' lang='lat' dir='ltr'>primum</span> <span class='ocrx_word' id='word_1_229' title='bbox 447 1941 589 1969; x_wconf 86' lang='lat' dir='ltr'>docemur</span> <span class='ocrx_word' id='word_1_230' title='bbox 604 1944 723 1977; x_wconf 79' lang='lat' dir='ltr'>peccata</span> <span class='ocrx_word' id='word_1_231' title='bbox 737 1942 864 1977; x_wconf 84' lang='lat' dir='ltr'>abjicere</span> <span class='ocrx_word' id='word_1_232' title='bbox 877 1953 884 1977; x_wconf 65' lang='grc' dir='ltr'><strong><em>ς</em></strong></span> <span class='ocrx_word' id='word_1_233' title='bbox 900 1951 953 1978; x_wconf 87' lang='lat' dir='ltr'>per</span> <span class='ocrx_word' id='word_1_234' title='bbox 967 1951 1009 1970; x_wconf 87' lang='lat' dir='ltr'>se-</span> 
     </span>
     <span class='ocr_line' id='line_1_38' title="bbox 235 1988 1009 2025; baseline 0.003 -10"><span class='ocrx_word' id='word_1_235' title='bbox 235 1988 384 2023; x_wconf 86' lang='lat' dir='ltr'>cundum,</span> <span class='ocrx_word' id='word_1_236' title='bbox 400 1989 505 2016; x_wconf 88' lang='lat' dir='ltr'>mentis</span> <span class='ocrx_word' id='word_1_237' title='bbox 526 1989 694 2024; x_wconf 85' lang='lat' dir='ltr'>angustiam</span> <span class='ocrx_word' id='word_1_238' title='bbox 718 1997 772 2025; x_wconf 89' lang='lat' dir='ltr'>pro</span> <span class='ocrx_word' id='word_1_239' title='bbox 796 1989 888 2017; x_wconf 84' lang='lat' dir='ltr'>salute</span> <span class='ocrx_word' id='word_1_240' title='bbox 909 1992 1009 2017; x_wconf 84' lang='lat' dir='ltr'>nostra</span> 
     </span>
     <span class='ocr_line' id='line_1_39' title="bbox 233 2035 1008 2070; baseline 0.001 -8"><span class='ocrx_word' id='word_1_241' title='bbox 233 2036 331 2063; x_wconf 82' lang='lat' dir='ltr'>tenere</span> <span class='ocrx_word' id='word_1_242' title='bbox 343 2044 350 2069; x_wconf 80' lang='lat'>3</span> <span class='ocrx_word' id='word_1_243' title='bbox 368 2043 420 2070; x_wconf 81' lang='lat' dir='ltr'>per</span> <span class='ocrx_word' id='word_1_244' title='bbox 443 2035 575 2070; x_wconf 87' lang='lat' dir='ltr'>tertium,</span> <span class='ocrx_word' id='word_1_245' title='bbox 591 2035 722 2063; x_wconf 79' lang='lat' dir='ltr'>animam</span> <span class='ocrx_word' id='word_1_246' title='bbox 744 2038 875 2063; x_wconf 81' lang='lat' dir='ltr'>nostram</span> <span class='ocrx_word' id='word_1_247' title='bbox 896 2036 1008 2064; x_wconf 83' lang='lat' dir='ltr'>virtuti-</span> 
     </span>
     <span class='ocr_line' id='line_1_40' title="bbox 233 2081 1008 2118; baseline 0.001 -10"><span class='ocrx_word' id='word_1_248' title='bbox 233 2081 289 2108; x_wconf 87' lang='lat' dir='ltr'>bus</span> <span class='ocrx_word' id='word_1_249' title='bbox 305 2089 427 2117; x_wconf 75' lang='lat' dir='ltr'>ornare,</span> <span class='ocrx_word' id='word_1_250' title='bbox 442 2090 495 2117; x_wconf 89' lang='lat' dir='ltr'>per</span> <span class='ocrx_word' id='word_1_251' title='bbox 510 2083 664 2118; x_wconf 84' lang='lat' dir='ltr'>quartum,</span> <span class='ocrx_word' id='word_1_252' title='bbox 680 2090 799 2110; x_wconf 86' lang='lat' dir='ltr'>carnem</span> <span class='ocrx_word' id='word_1_253' title='bbox 812 2085 943 2110; x_wconf 82' lang='lat' dir='ltr'>nostram</span> <span class='ocrx_word' id='word_1_254' title='bbox 958 2082 1008 2110; x_wconf 86' lang='lat' dir='ltr'>do-</span> 
     </span>
     <span class='ocr_line' id='line_1_41' title="bbox 233 2128 1009 2164; baseline 0.003 -10"><span class='ocrx_word' id='word_1_255' title='bbox 233 2135 334 2161; x_wconf 86' lang='lat' dir='ltr'>marc;</span> <span class='ocrx_word' id='word_1_256' title='bbox 350 2136 403 2163; x_wconf 81' lang='lat' dir='ltr'>pei·</span> <span class='ocrx_word' id='word_1_257' title='bbox 416 2128 567 2164; x_wconf 88' lang='lat' dir='ltr'>quintum,</span> <span class='ocrx_word' id='word_1_258' title='bbox 583 2128 719 2156; x_wconf 86' lang='lat' dir='ltr'>membra</span> <span class='ocrx_word' id='word_1_259' title='bbox 742 2130 841 2156; x_wconf 83' lang='lat' dir='ltr'>nostra</span> <span class='ocrx_word' id='word_1_260' title='bbox 861 2129 1009 2156; x_wconf 86' lang='lat' dir='ltr'>mandatis</span> 
     </span>
     <span class='ocr_line' id='line_1_42' title="bbox 235 2174 1008 2210; baseline 0.003 -10"><span class='ocrx_word' id='word_1_261' title='bbox 235 2174 282 2201; x_wconf 89' lang='lat' dir='ltr'>Dei</span> <span class='ocrx_word' id='word_1_262' title='bbox 313 2175 421 2209; x_wconf 84' lang='lat' dir='ltr'>ligare3</span> <span class='ocrx_word' id='word_1_263' title='bbox 443 2183 496 2210; x_wconf 84' lang='lat' dir='ltr'>per</span> <span class='ocrx_word' id='word_1_264' title='bbox 519 2177 655 2208; x_wconf 79' lang='lat' dir='ltr'>sextum,</span> <span class='ocrx_word' id='word_1_265' title='bbox 674 2174 862 2203; x_wconf 80' lang='lat' dir='ltr'>vulneratum</span> <span class='ocrx_word' id='word_1_266' title='bbox 884 2184 935 2203; x_wconf 92' lang='lat' dir='ltr'>cor</span> <span class='ocrx_word' id='word_1_267' title='bbox 959 2176 1008 2202; x_wconf 88' lang='lat' dir='ltr'>Dei</span> 
     </span>
     <span class='ocr_line' id='line_1_43' title="bbox 235 2221 1008 2257; baseline 0.003 -10"><span class='ocrx_word' id='word_1_268' title='bbox 235 2228 336 2248; x_wconf 88' lang='lat' dir='ltr'>amore</span> <span class='ocrx_word' id='word_1_269' title='bbox 357 2221 477 2249; x_wconf 85' lang='lat' dir='ltr'>habere.</span> <span class='ocrx_word' id='word_1_270' title='bbox 501 2223 667 2255; x_wconf 83' lang='lat' dir='ltr'>Postremo,</span> <span class='ocrx_word' id='word_1_271' title='bbox 685 2222 755 2257; x_wconf 86' lang='lat' dir='ltr'>quia</span> <span class='ocrx_word' id='word_1_272' title='bbox 778 2222 837 2249; x_wconf 71' lang='lat' dir='ltr'>istie</span> <span class='ocrx_word' id='word_1_273' title='bbox 857 2222 1008 2257; x_wconf 82' lang='lat' dir='ltr'>passiones</span> 
     </span>
     <span class='ocr_line' id='line_1_44' title="bbox 234 2267 1007 2302; baseline 0.001 -8"><span class='ocrx_word' id='word_1_274' title='bbox 234 2274 295 2294; x_wconf 86' lang='lat' dir='ltr'>non</span> <span class='ocrx_word' id='word_1_275' title='bbox 317 2267 497 2302; x_wconf 84' lang='lat' dir='ltr'>attingebant</span> <span class='ocrx_word' id='word_1_276' title='bbox 518 2267 548 2294; x_wconf 91' lang='lat' dir='ltr'>in</span> <span class='ocrx_word' id='word_1_277' title='bbox 564 2267 674 2294; x_wconf 83' lang='lat' dir='ltr'>Christo</span> <span class='ocrx_word' id='word_1_278' title='bbox 699 2267 831 2295; x_wconf 83' lang='lat' dir='ltr'>divinam</span> <span class='ocrx_word' id='word_1_279' title='bbox 854 2270 1007 2302; x_wconf 84' lang='lat' dir='ltr'>naturam,</span> 
     </span>
     <span class='ocr_line' id='line_1_45' title="bbox 234 2312 1008 2348; baseline 0.003 -8"><span class='ocrx_word' id='word_1_280' title='bbox 234 2312 286 2340; x_wconf 87' lang='lat' dir='ltr'>sed</span> <span class='ocrx_word' id='word_1_281' title='bbox 301 2312 480 2348; x_wconf 88' lang='lat' dir='ltr'>humanam,·</span> <span class='ocrx_word' id='word_1_282' title='bbox 498 2313 565 2340; x_wconf 86' lang='lat' dir='ltr'>ideo</span> <span class='ocrx_word' id='word_1_283' title='bbox 588 2314 618 2340; x_wconf 89' lang='lat' dir='ltr'>in</span> <span class='ocrx_word' id='word_1_284' title='bbox 635 2316 727 2340; x_wconf 85' lang='lat' dir='ltr'>morte</span> <span class='ocrx_word' id='word_1_285' title='bbox 747 2314 848 2341; x_wconf 85' lang='lat' dir='ltr'>Christi</span> <span class='ocrx_word' id='word_1_286' title='bbox 869 2314 944 2342; x_wconf 79' lang='lat' dir='ltr'>tacta</span> <span class='ocrx_word' id='word_1_287' title='bbox 966 2316 1008 2342; x_wconf 84' lang='lat' dir='ltr'>cst</span> 
     </span>
     <span class='ocr_line' id='line_1_46' title="bbox 235 2358 1008 2394; baseline 0.001 -8"><span class='ocrx_word' id='word_1_288' title='bbox 235 2358 341 2386; x_wconf 87' lang='lat' dir='ltr'>divisio</span> <span class='ocrx_word' id='word_1_289' title='bbox 356 2359 461 2387; x_wconf 80' lang='lat' dir='ltr'>animae</span> <span class='ocrx_word' id='word_1_290' title='bbox 477 2360 517 2386; x_wconf 87' lang='lat' dir='ltr'>sic</span> <span class='ocrx_word' id='word_1_291' title='bbox 532 2368 550 2387; x_wconf 86' lang='lat' dir='ltr'>a</span> <span class='ocrx_word' id='word_1_292' title='bbox 564 2368 668 2394; x_wconf 84' lang='lat' dir='ltr'>carne,</span> <span class='ocrx_word' id='word_1_293' title='bbox 679 2361 711 2386; x_wconf 88' lang='lat' dir='ltr'>ut</span> <span class='ocrx_word' id='word_1_294' title='bbox 724 2361 822 2387; x_wconf 84' lang='lat' dir='ltr'>tamen</span> <span class='ocrx_word' id='word_1_295' title='bbox 837 2360 919 2387; x_wconf 74' lang='lat' dir='ltr'>salva</span> <span class='ocrx_word' id='word_1_296' title='bbox 934 2363 1008 2387; x_wconf 82' lang='lat' dir='ltr'>esset</span> 
     </span>
     <span class='ocr_line' id='line_1_47' title="bbox 235 2405 1005 2441; baseline 0.003 -9"><span class='ocrx_word' id='word_1_297' title='bbox 235 2405 306 2433; x_wconf 91' lang='lat' dir='ltr'>unio</span> <span class='ocrx_word' id='word_1_298' title='bbox 321 2406 382 2433; x_wconf 86' lang='lat' dir='ltr'>tam</span> <span class='ocrx_word' id='word_1_299' title='bbox 399 2406 505 2438; x_wconf 67' lang='lat' dir='ltr'>carnis,</span> <span class='ocrx_word' id='word_1_300' title='bbox 522 2414 612 2441; x_wconf 86' lang='lat' dir='ltr'>quarn</span> <span class='ocrx_word' id='word_1_301' title='bbox 628 2406 744 2440; x_wconf 55' lang='lat' dir='ltr'>animae,</span> <span class='ocrx_word' id='word_1_302' title='bbox 760 2413 827 2432; x_wconf 85' lang='lat' dir='ltr'>cuni</span> <span class='ocrx_word' id='word_1_303' title='bbox 843 2405 1005 2435; x_wconf 82' lang='lat' dir='ltr'>divinitate.</span> 
     </span>
     <span class='ocr_line' id='line_1_48' title="bbox 233 2451 1006 2488; baseline 0.001 -9"><span class='ocrx_word' id='word_1_304' title='bbox 233 2453 293 2479; x_wconf 84' lang='lat' dir='ltr'>Hoc</span> <span class='ocrx_word' id='word_1_305' title='bbox 321 2452 409 2480; x_wconf 89' lang='lat' dir='ltr'>etiam</span> <span class='ocrx_word' id='word_1_306' title='bbox 435 2451 590 2479; x_wconf 84' lang='lat' dir='ltr'>sciendum</span> <span class='ocrx_word' id='word_1_307' title='bbox 620 2453 663 2479; x_wconf 86' lang='lat' dir='ltr'>est</span> <span class='ocrx_word' id='word_1_308' title='bbox 681 2473 690 2486; x_wconf 86' lang='lat'>,</span> <span class='ocrx_word' id='word_1_309' title='bbox 716 2452 799 2488; x_wconf 86' lang='lat' dir='ltr'>quod</span> <span class='ocrx_word' id='word_1_310' title='bbox 828 2452 955 2479; x_wconf 84' lang='lat' dir='ltr'>Christus</span> <span class='ocrx_word' id='word_1_311' title='bbox 983 2453 1006 2480; x_wconf 88' lang='lat' dir='ltr'>si</span> 
     </span>
     <span class='ocr_line' id='line_1_49' title="bbox 232 2497 1006 2534; baseline 0 -8"><span class='ocrx_word' id='word_1_312' title='bbox 232 2506 337 2534; x_wconf 90' lang='lat' dir='ltr'>passus</span> <span class='ocrx_word' id='word_1_313' title='bbox 364 2505 426 2526; x_wconf 88' lang='lat' dir='ltr'>non</span> <span class='ocrx_word' id='word_1_314' title='bbox 451 2497 570 2533; x_wconf 79' lang='lat' dir='ltr'>fuisset,</span> <span class='ocrx_word' id='word_1_315' title='bbox 597 2500 695 2526; x_wconf 88' lang='lat' dir='ltr'>tamen</span> <span class='ocrx_word' id='word_1_316' title='bbox 723 2498 806 2527; x_wconf 91' lang='lat' dir='ltr'>senio</span> <span class='ocrx_word' id='word_1_317' title='bbox 835 2498 1006 2534; x_wconf 79' lang='lat' dir='ltr'>defecisset,</span> 
     </span>
    </p>
   </div>
   <div class='ocr_carea' id='block_1_3' title="bbox 264 2571 1006 2603">
    <p class='ocr_par' dir='ltr' id='par_1_6' title="bbox 264 2571 1006 2603">
     <span class='ocr_line' id='line_1_50' title="bbox 264 2571 1006 2603; baseline 0.001 -7"><span class='ocrx_word' id='word_1_318' title='bbox 264 2573 269 2587; x_wconf 91' lang='lat'><strong>¹</strong></span> <span class='ocrx_word' id='word_1_319' title='bbox 283 2573 343 2603; x_wconf 61' lang='lat' dir='ltr'>Iso„</span> <span class='ocrx_word' id='word_1_320' title='bbox 356 2578 411 2602; x_wconf 75' lang='grc' dir='ltr'>ιιιῐ,</span> <span class='ocrx_word' id='word_1_321' title='bbox 426 2574 490 2597; x_wconf 79' lang='grc'>2.-</span> <span class='ocrx_word' id='word_1_322' title='bbox 504 2572 512 2587; x_wconf 83' lang='lat'><em>²</em></span> <span class='ocrx_word' id='word_1_323' title='bbox 529 2571 627 2602; x_wconf 62' lang='lat' dir='ltr'>Thr-en„</span> <span class='ocrx_word' id='word_1_324' title='bbox 645 2577 662 2600; x_wconf 79' lang='lat' dir='ltr'>i,</span> <span class='ocrx_word' id='word_1_325' title='bbox 680 2572 716 2596; x_wconf 66' lang='lat'>14.</span> <span class='ocrx_word' id='word_1_326' title='bbox 729 2584 760 2589; x_wconf 94' lang='lat'>—</span> <span class='ocrx_word' id='word_1_327' title='bbox 776 2572 786 2589; x_wconf 70' lang='grc' dir='ltr'>θ</span> <span class='ocrx_word' id='word_1_328' title='bbox 798 2572 858 2603; x_wconf 66' lang='lat' dir='ltr'>ssa,</span> <span class='ocrx_word' id='word_1_329' title='bbox 873 2578 929 2603; x_wconf 79' lang='lat' dir='ltr'>Lm,</span> <span class='ocrx_word' id='word_1_330' title='bbox 941 2574 1006 2597; x_wconf 82' lang='grc'>3.-</span> 
     </span>
    </p>
   </div>
   <div class='ocr_carea' id='block_1_4' title="bbox 231 2607 1006 2674">
    <p class='ocr_par' dir='ltr' id='par_1_7' title="bbox 231 2607 1006 2674">
     <span class='ocr_line' id='line_1_51' title="bbox 231 2607 1006 2638; baseline 0.003 -8"><span class='ocrx_word' id='word_1_331' title='bbox 231 2607 240 2620; x_wconf 80' lang='grc'><strong>”</strong></span> <span class='ocrx_word' id='word_1_332' title='bbox 254 2607 310 2638; x_wconf 70' lang='lat' dir='ltr'>Job,</span> <span class='ocrx_word' id='word_1_333' title='bbox 326 2614 368 2638; x_wconf 65' lang='lat' dir='ltr'>xi„</span> <span class='ocrx_word' id='word_1_334' title='bbox 385 2610 423 2632; x_wconf 86' lang='lat'>19.</span> <span class='ocrx_word' id='word_1_335' title='bbox 435 2621 466 2626; x_wconf 98' lang='lat'><strong>—</strong></span> <span class='ocrx_word' id='word_1_336' title='bbox 480 2608 490 2626; x_wconf 69' lang='grc' dir='ltr'>θ</span> <span class='ocrx_word' id='word_1_337' title='bbox 502 2608 560 2635; x_wconf 68' lang='lat' dir='ltr'>Iso„</span> <span class='ocrx_word' id='word_1_338' title='bbox 577 2613 634 2638; x_wconf 80' lang='lat' dir='ltr'>vui,</span> <span class='ocrx_word' id='word_1_339' title='bbox 652 2609 673 2631; x_wconf 89' lang='lat'>1.</span> <span class='ocrx_word' id='word_1_340' title='bbox 686 2620 713 2626; x_wconf 81' lang='lat'>——</span> <span class='ocrx_word' id='word_1_341' title='bbox 732 2607 764 2631; x_wconf 78' lang='lat'>⁰1</span> <span class='ocrx_word' id='word_1_342' title='bbox 781 2608 862 2633; x_wconf 68' lang='lat' dir='ltr'>Petr..</span> <span class='ocrx_word' id='word_1_343' title='bbox 878 2614 907 2638; x_wconf 79' lang='lat' dir='ltr'>ii,</span> <span class='ocrx_word' id='word_1_344' title='bbox 922 2610 961 2632; x_wconf 78' lang='lat'>21.</span> <span class='ocrx_word' id='word_1_345' title='bbox 976 2621 1006 2626; x_wconf 95' lang='lat'>-—</span> 
     </span>
     <span class='ocr_line' id='line_1_52' title="bbox 231 2641 1004 2674; baseline 0 -8"><span class='ocrx_word' id='word_1_346' title='bbox 231 2641 241 2655; x_wconf 76' lang='lat'>&#39;</span> <span class='ocrx_word' id='word_1_347' title='bbox 254 2642 340 2674; x_wconf 60' lang='lat' dir='ltr'>Esth„</span> <span class='ocrx_word' id='word_1_348' title='bbox 354 2649 388 2674; x_wconf 69' lang='lat' dir='ltr'>vx,</span> <span class='ocrx_word' id='word_1_349' title='bbox 410 2645 434 2668; x_wconf 83' lang='grc'>9.</span> <span class='ocrx_word' id='word_1_350' title='bbox 450 2656 480 2661; x_wconf 90' lang='grc'>-</span> <span class='ocrx_word' id='word_1_351' title='bbox 495 2643 527 2666; x_wconf 75' lang='lat'>⁰1</span> <span class='ocrx_word' id='word_1_352' title='bbox 543 2642 635 2670; x_wconf 71' lang='lat' dir='ltr'>Maca..</span> <span class='ocrx_word' id='word_1_353' title='bbox 648 2648 682 2673; x_wconf 64' lang='lat' dir='ltr'>Vl,</span> <span class='ocrx_word' id='word_1_354' title='bbox 699 2644 737 2667; x_wconf 79' lang='lat'>34.</span> <span class='ocrx_word' id='word_1_355' title='bbox 749 2656 778 2661; x_wconf 95' lang='lat'>—</span> <span class='ocrx_word' id='word_1_356' title='bbox 793 2643 824 2666; x_wconf 67' lang='lat'>⁹1</span> <span class='ocrx_word' id='word_1_357' title='bbox 845 2643 921 2669; x_wconf 64' lang='lat' dir='ltr'>Patr..</span> <span class='ocrx_word' id='word_1_358' title='bbox 939 2649 966 2671; x_wconf 78' lang='grc' dir='ltr'>Η,</span> <span class='ocrx_word' id='word_1_359' title='bbox 982 2644 1004 2667; x_wconf 78' lang='lat' dir='ltr'>G.</span> 
     </span>
    </p>
   </div>
   <div class='ocr_carea' id='block_1_5' title="bbox 264 2689 789 2720">
    <p class='ocr_par' dir='ltr' id='par_1_8' title="bbox 264 2689 789 2720">
     <span class='ocr_line' id='line_1_53' title="bbox 264 2689 789 2720; baseline 0 -8"><span class='ocrx_word' id='word_1_360' title='bbox 264 2689 295 2718; x_wconf 82' lang='grc' dir='ltr'>(υ)</span> <span class='ocrx_word' id='word_1_361' title='bbox 312 2689 398 2720; x_wconf 70' lang='lat' dir='ltr'>Suppl.</span> <span class='ocrx_word' id='word_1_362' title='bbox 415 2697 464 2720; x_wconf 74' lang='lat' dir='ltr'>qua</span> <span class='ocrx_word' id='word_1_363' title='bbox 479 2697 533 2713; x_wconf 71' lang='lat' dir='ltr'>nos.</span> <span class='ocrx_word' id='word_1_364' title='bbox 552 2702 579 2707; x_wconf 94' lang='lat'>—-</span> <span class='ocrx_word' id='word_1_365' title='bbox 597 2689 628 2718; x_wconf 61' lang='lat' dir='ltr'>(lu)</span> <span class='ocrx_word' id='word_1_366' title='bbox 645 2689 730 2719; x_wconf 48' lang='lat' dir='ltr'>Summi,</span> <span class='ocrx_word' id='word_1_367' title='bbox 749 2689 789 2712; x_wconf 67' lang='grc' dir='ltr'>νίιῐ</span> 
     </span>
    </p>
   </div>
   <div class='ocr_carea' id='block_1_6' title="bbox 562 246 1518 281">
    <p class='ocr_par' dir='ltr' id='par_1_9' title="bbox 562 246 1518 281">
     <span class='ocr_line' id='line_1_54' title="bbox 562 246 1518 281; baseline 0 -2"><span class='ocrx_word' id='word_1_368' title='bbox 562 246 821 280; x_wconf 82' lang='lat' dir='ltr'>COMPENDmM</span> <span class='ocrx_word' id='word_1_369' title='bbox 841 246 1100 280; x_wconf 80' lang='lat' dir='ltr'>THEOLOGICAE</span> <span class='ocrx_word' id='word_1_370' title='bbox 1120 246 1344 280; x_wconf 82' lang='lat' dir='ltr'>VERITATIS.</span> <span class='ocrx_word' id='word_1_371' title='bbox 1367 248 1442 280; x_wconf 88' lang='lat' dir='ltr'>LIB.</span> <span class='ocrx_word' id='word_1_372' title='bbox 1467 247 1518 281; x_wconf 84' lang='lat' dir='ltr'>IV.</span> 
     </span>
    </p>
   </div>
   <div class='ocr_carea' id='block_1_7' title="bbox 1069 313 1845 484">
    <p class='ocr_par' dir='ltr' id='par_1_10' title="bbox 1069 313 1845 484">
     <span class='ocr_line' id='line_1_55' title="bbox 1071 313 1845 353; baseline -0.001 -10"><span class='ocrx_word' id='word_1_373' title='bbox 1071 315 1216 351; x_wconf 77' lang='lat' dir='ltr'>quantum</span> <span class='ocrx_word' id='word_1_374' title='bbox 1242 315 1407 353; x_wconf 85' lang='lat' dir='ltr'>pertinebat</span> <span class='ocrx_word' id='word_1_375' title='bbox 1431 315 1471 343; x_wconf 87' lang='lat' dir='ltr'>ad</span> <span class='ocrx_word' id='word_1_376' title='bbox 1490 314 1693 343; x_wconf 85' lang='lat' dir='ltr'>conditionem</span> <span class='ocrx_word' id='word_1_377' title='bbox 1705 313 1845 342; x_wconf 66' lang='lat' dir='ltr'>humanm</span> 
     </span>
     <span class='ocr_line' id='line_1_56' title="bbox 1071 360 1844 395; baseline -0.003 -4"><span class='ocrx_word' id='word_1_378' title='bbox 1071 365 1183 391; x_wconf 80' lang='lat' dir='ltr'>naturae</span> <span class='ocrx_word' id='word_1_379' title='bbox 1204 363 1236 390; x_wconf 90' lang='lat' dir='ltr'>in</span> <span class='ocrx_word' id='word_1_380' title='bbox 1257 371 1288 391; x_wconf 86' lang='lat' dir='ltr'>se</span> <span class='ocrx_word' id='word_1_381' title='bbox 1311 362 1504 391; x_wconf 64' lang='lat' dir='ltr'>consideratae</span> <span class='ocrx_word' id='word_1_382' title='bbox 1522 362 1586 390; x_wconf 88' lang='lat' dir='ltr'>sine</span> <span class='ocrx_word' id='word_1_383' title='bbox 1604 361 1733 395; x_wconf 82' lang='lat' dir='ltr'>unione;</span> <span class='ocrx_word' id='word_1_384' title='bbox 1747 360 1844 390; x_wconf 87' lang='lat' dir='ltr'>sedin</span> 
     </span>
     <span class='ocr_line' id='line_1_57' title="bbox 1069 407 1844 445; baseline -0.001 -8"><span class='ocrx_word' id='word_1_385' title='bbox 1069 411 1212 444; x_wconf 82' lang='lat' dir='ltr'>potestate</span> <span class='ocrx_word' id='word_1_386' title='bbox 1224 410 1338 438; x_wconf 79' lang='lat' dir='ltr'>naturae</span> <span class='ocrx_word' id='word_1_387' title='bbox 1349 409 1438 438; x_wconf 81' lang='lat' dir='ltr'>unitae</span> <span class='ocrx_word' id='word_1_388' title='bbox 1449 409 1512 445; x_wconf 79' lang='lat' dir='ltr'>ruit,</span> <span class='ocrx_word' id='word_1_389' title='bbox 1526 408 1574 437; x_wconf 87' lang='lat' dir='ltr'>vel</span> <span class='ocrx_word' id='word_1_390' title='bbox 1587 409 1629 436; x_wconf 84' lang='lat' dir='ltr'>sic</span> <span class='ocrx_word' id='word_1_391' title='bbox 1643 407 1786 444; x_wconf 84' lang='lat' dir='ltr'>deficere,</span> <span class='ocrx_word' id='word_1_392' title='bbox 1795 407 1844 436; x_wconf 81' lang='lat' dir='ltr'>vel</span> 
     </span>
     <span class='ocr_line' id='line_1_58' title="bbox 1069 455 1283 484; baseline 0.005 -1"><span class='ocrx_word' id='word_1_393' title='bbox 1069 463 1132 484; x_wconf 89' lang='lat' dir='ltr'>non</span> <span class='ocrx_word' id='word_1_394' title='bbox 1146 455 1283 484; x_wconf 85' lang='lat' dir='ltr'>deficere.</span> 
     </span>
    </p>
   </div>
   <div class='ocr_carea' id='block_1_8' title="bbox 1332 541 1573 575">
    <p class='ocr_par' dir='ltr' id='par_1_11' title="bbox 1332 541 1573 575">
     <span class='ocr_line' id='line_1_59' title="bbox 1332 541 1573 575; baseline -0.004 0"><span class='ocrx_word' id='word_1_395' title='bbox 1332 541 1474 575; x_wconf 89' lang='lat' dir='ltr'><strong>CAPUT</strong></span> <span class='ocrx_word' id='word_1_396' title='bbox 1497 541 1573 575; x_wconf 90' lang='lat' dir='ltr'>XX.</span> 
     </span>
    </p>
   </div>
   <div class='ocr_carea' id='block_1_9' title="bbox 1244 618 1673 654">
    <p class='ocr_par' dir='ltr' id='par_1_12' title="bbox 1244 618 1673 654">
     <span class='ocr_line' id='line_1_60' title="bbox 1244 618 1673 654; baseline 0.002 -9"><span class='ocrx_word' id='word_1_397' title='bbox 1244 619 1281 645; x_wconf 85' lang='lat' dir='ltr'>De</span> <span class='ocrx_word' id='word_1_398' title='bbox 1298 619 1392 653; x_wconf 84' lang='lat' dir='ltr'>effectu</span> <span class='ocrx_word' id='word_1_399' title='bbox 1407 620 1543 654; x_wconf 74' lang='lat' dir='ltr'>passionis</span> <span class='ocrx_word' id='word_1_400' title='bbox 1563 618 1673 646; x_wconf 81' lang='lat' dir='ltr'>Christi.</span> 
     </span>
    </p>
   </div>
   <div class='ocr_carea' id='block_1_10' title="bbox 1068 690 1842 866">
    <p class='ocr_par' dir='ltr' id='par_1_13' title="bbox 1068 690 1842 772">
     <span class='ocr_line' id='line_1_61' title="bbox 1104 690 1842 727; baseline -0.001 -8"><span class='ocrx_word' id='word_1_401' title='bbox 1104 690 1229 719; x_wconf 80' lang='lat' dir='ltr'>Effectus</span> <span class='ocrx_word' id='word_1_402' title='bbox 1243 691 1388 726; x_wconf 87' lang='lat' dir='ltr'>passionis</span> <span class='ocrx_word' id='word_1_403' title='bbox 1403 691 1507 721; x_wconf 84' lang='lat' dir='ltr'>Christi</span> <span class='ocrx_word' id='word_1_404' title='bbox 1521 691 1678 727; x_wconf 89' lang='lat' dir='ltr'>multiplex</span> <span class='ocrx_word' id='word_1_405' title='bbox 1693 692 1751 726; x_wconf 85' lang='lat' dir='ltr'>est,</span> <span class='ocrx_word' id='word_1_406' title='bbox 1767 690 1842 719; x_wconf 87' lang='lat' dir='ltr'>sicut</span> 
     </span>
     <span class='ocr_line' id='line_1_62' title="bbox 1068 736 1420 772; baseline 0.003 -8"><span class='ocrx_word' id='word_1_407' title='bbox 1068 738 1148 772; x_wconf 87' lang='lat' dir='ltr'>patet</span> <span class='ocrx_word' id='word_1_408' title='bbox 1161 736 1192 764; x_wconf 91' lang='lat' dir='ltr'>in</span> <span class='ocrx_word' id='word_1_409' title='bbox 1205 736 1252 764; x_wconf 91' lang='lat' dir='ltr'>his</span> <span class='ocrx_word' id='word_1_410' title='bbox 1266 737 1401 765; x_wconf 82' lang='lat' dir='ltr'>versibus</span> <span class='ocrx_word' id='word_1_411' title='bbox 1413 747 1420 765; x_wconf 92' lang='lat'>:</span> 
     </span>
    </p>

    <p class='ocr_par' dir='ltr' id='par_1_14' title="bbox 1089 799 1714 830">
     <span class='ocr_line' id='line_1_63' title="bbox 1089 799 1714 830; baseline 0.002 -7"><span class='ocrx_word' id='word_1_412' title='bbox 1089 799 1176 823; x_wconf 80' lang='lat' dir='ltr'>Passio</span> <span class='ocrx_word' id='word_1_413' title='bbox 1192 799 1316 830; x_wconf 71' lang='lat' dir='ltr'>debilitat,</span> <span class='ocrx_word' id='word_1_414' title='bbox 1331 799 1432 830; x_wconf 76' lang='lat' dir='ltr'>spoliet,</span> <span class='ocrx_word' id='word_1_415' title='bbox 1447 799 1577 830; x_wconf 79' lang='lat' dir='ltr'>informat,</span> <span class='ocrx_word' id='word_1_416' title='bbox 1595 799 1714 828; x_wconf 78' lang='lat' dir='ltr'>honorat.</span> 
     </span>
    </p>

    <p class='ocr_par' dir='ltr' id='par_1_15' title="bbox 1088 835 1803 866">
     <span class='ocr_line' id='line_1_64' title="bbox 1088 835 1803 866; baseline 0.003 -8"><span class='ocrx_word' id='word_1_417' title='bbox 1088 835 1196 865; x_wconf 80' lang='lat' dir='ltr'>Excitat,</span> <span class='ocrx_word' id='word_1_418' title='bbox 1211 835 1360 866; x_wconf 79' lang='lat' dir='ltr'>inflammat,</span> <span class='ocrx_word' id='word_1_419' title='bbox 1376 836 1487 866; x_wconf 75' lang='lat' dir='ltr'>reparat,</span> <span class='ocrx_word' id='word_1_420' title='bbox 1501 842 1592 866; x_wconf 78' lang='lat' dir='ltr'>pacem</span> <span class='ocrx_word' id='word_1_421' title='bbox 1606 835 1658 866; x_wconf 75' lang='lat' dir='ltr'>dat,</span> <span class='ocrx_word' id='word_1_422' title='bbox 1674 837 1699 860; x_wconf 83' lang='lat' dir='ltr'>et</span> <span class='ocrx_word' id='word_1_423' title='bbox 1713 836 1803 866; x_wconf 75' lang='lat' dir='ltr'>armat,</span> 
     </span>
    </p>
   </div>
   <div class='ocr_carea' id='block_1_11' title="bbox 1087 869 1709 937">
    <p class='ocr_par' dir='ltr' id='par_1_16' title="bbox 1087 869 1709 937">
     <span class='ocr_line' id='line_1_65' title="bbox 1089 869 1709 902; baseline 0 -8"><span class='ocrx_word' id='word_1_424' title='bbox 1089 870 1176 901; x_wconf 79' lang='lat' dir='ltr'>Sanat,</span> <span class='ocrx_word' id='word_1_425' title='bbox 1194 869 1313 900; x_wconf 78' lang='lat' dir='ltr'>vivificat,</span> <span class='ocrx_word' id='word_1_426' title='bbox 1329 870 1407 901; x_wconf 85' lang='lat' dir='ltr'>ducit,</span> <span class='ocrx_word' id='word_1_427' title='bbox 1423 870 1548 900; x_wconf 81' lang='lat' dir='ltr'>dulcorat,</span> <span class='ocrx_word' id='word_1_428' title='bbox 1563 870 1709 902; x_wconf 80' lang='lat' dir='ltr'>obumbrat,</span> 
     </span>
     <span class='ocr_line' id='line_1_66' title="bbox 1087 905 1687 937; baseline 0 -7"><span class='ocrx_word' id='word_1_429' title='bbox 1087 907 1105 930; x_wconf 83' lang='grc' dir='ltr'><strong>Α</strong></span> <span class='ocrx_word' id='word_1_430' title='bbox 1122 905 1196 937; x_wconf 75' lang='lat' dir='ltr'>culpa¹</span> <span class='ocrx_word' id='word_1_431' title='bbox 1210 907 1323 936; x_wconf 79' lang='lat' dir='ltr'>revocat,</span> <span class='ocrx_word' id='word_1_432' title='bbox 1336 907 1442 937; x_wconf 78' lang='lat' dir='ltr'>reserat,</span> <span class='ocrx_word' id='word_1_433' title='bbox 1456 905 1590 937; x_wconf 83' lang='lat' dir='ltr'>illuminat,</span> <span class='ocrx_word' id='word_1_434' title='bbox 1605 907 1687 930; x_wconf 77' lang='lat' dir='ltr'>ornat.</span> 
     </span>
    </p>
   </div>
   <div class='ocr_carea' id='block_1_12' title="bbox 1062 969 1844 2540">
    <p class='ocr_par' dir='ltr' id='par_1_17' title="bbox 1062 969 1844 2540">
     <span class='ocr_line' id='line_1_67' title="bbox 1103 969 1844 1006; baseline 0 -9"><span class='ocrx_word' id='word_1_435' title='bbox 1103 970 1217 1005; x_wconf 86' lang='lat' dir='ltr'>Primo,</span> <span class='ocrx_word' id='word_1_436' title='bbox 1232 971 1331 1006; x_wconf 82' lang='lat' dir='ltr'>passio</span> <span class='ocrx_word' id='word_1_437' title='bbox 1347 971 1450 999; x_wconf 87' lang='lat' dir='ltr'>Christi</span> <span class='ocrx_word' id='word_1_438' title='bbox 1472 970 1605 998; x_wconf 89' lang='lat' dir='ltr'>debilitat</span> <span class='ocrx_word' id='word_1_439' title='bbox 1625 970 1764 998; x_wconf 83' lang='lat' dir='ltr'>virtutem</span> <span class='ocrx_word' id='word_1_440' title='bbox 1787 969 1844 998; x_wconf 83' lang='lat' dir='ltr'>dae-</span> 
     </span>
     <span class='ocr_line' id='line_1_68' title="bbox 1067 1017 1844 1053; baseline 0.001 -9"><span class='ocrx_word' id='word_1_441' title='bbox 1067 1017 1211 1045; x_wconf 64' lang='lat' dir='ltr'>monum*</span> <span class='ocrx_word' id='word_1_442' title='bbox 1227 1027 1232 1044; x_wconf 94' lang='lat'>:</span> <span class='ocrx_word' id='word_1_443' title='bbox 1251 1018 1336 1050; x_wconf 83' lang='lat' dir='ltr'>Quasi</span> <span class='ocrx_word' id='word_1_444' title='bbox 1350 1019 1379 1045; x_wconf 81' lang='lat' dir='ltr'>in</span> <span class='ocrx_word' id='word_1_445' title='bbox 1393 1018 1470 1045; x_wconf 88' lang='lat' dir='ltr'>hamo</span> <span class='ocrx_word' id='word_1_446' title='bbox 1486 1018 1580 1053; x_wconf 81' lang='lat' dir='ltr'>capiat</span> <span class='ocrx_word' id='word_1_447' title='bbox 1593 1017 1753 1045; x_wconf 81' lang='lat' dir='ltr'>Leviathan.</span> <span class='ocrx_word' id='word_1_448' title='bbox 1772 1017 1844 1053; x_wconf 86' lang='lat' dir='ltr'>Spo-</span> 
     </span>
     <span class='ocr_line' id='line_1_69' title="bbox 1066 1063 1841 1099; baseline -0.001 -8"><span class='ocrx_word' id='word_1_449' title='bbox 1066 1063 1118 1091; x_wconf 90' lang='lat' dir='ltr'>liat</span> <span class='ocrx_word' id='word_1_450' title='bbox 1131 1063 1279 1092; x_wconf 80' lang='lat' dir='ltr'>infernum</span> <span class='ocrx_word' id='word_1_451' title='bbox 1290 1065 1300 1080; x_wconf 77' lang='lat'>⁵</span> <span class='ocrx_word' id='word_1_452' title='bbox 1315 1074 1320 1091; x_wconf 94' lang='lat'><strong>:</strong></span> <span class='ocrx_word' id='word_1_453' title='bbox 1336 1065 1408 1092; x_wconf 86' lang='lat' dir='ltr'>Voca</span> <span class='ocrx_word' id='word_1_454' title='bbox 1420 1072 1513 1092; x_wconf 83' lang='lat' dir='ltr'>nomen</span> <span class='ocrx_word' id='word_1_455' title='bbox 1528 1064 1584 1099; x_wconf 81' lang='lat' dir='ltr'>ejus</span> <span class='ocrx_word' id='word_1_456' title='bbox 1595 1072 1605 1091; x_wconf 90' lang='lat'><em>:</em></span> <span class='ocrx_word' id='word_1_457' title='bbox 1616 1065 1710 1099; x_wconf 80' lang='lat' dir='ltr'>Spolia</span> <span class='ocrx_word' id='word_1_458' title='bbox 1720 1063 1841 1091; x_wconf 81' lang='lat' dir='ltr'>detrahe.</span> 
     </span>
     <span class='ocr_line' id='line_1_70' title="bbox 1067 1109 1843 1146; baseline -0.001 -8"><span class='ocrx_word' id='word_1_459' title='bbox 1067 1109 1207 1138; x_wconf 78' lang='lat' dir='ltr'>Informat</span> <span class='ocrx_word' id='word_1_460' title='bbox 1230 1119 1284 1146; x_wconf 90' lang='lat' dir='ltr'>per</span> <span class='ocrx_word' id='word_1_461' title='bbox 1306 1110 1497 1146; x_wconf 70' lang='lat' dir='ltr'>exemplum*³</span> <span class='ocrx_word' id='word_1_462' title='bbox 1513 1119 1519 1138; x_wconf 92' lang='lat'>:</span> <span class='ocrx_word' id='word_1_463' title='bbox 1538 1110 1661 1138; x_wconf 82' lang='lat' dir='ltr'>Christus</span> <span class='ocrx_word' id='word_1_464' title='bbox 1683 1117 1781 1145; x_wconf 81' lang='lat' dir='ltr'>passus</span> <span class='ocrx_word' id='word_1_465' title='bbox 1804 1113 1843 1137; x_wconf 79' lang='lat' dir='ltr'>ese</span> 
     </span>
     <span class='ocr_line' id='line_1_71' title="bbox 1065 1156 1843 1193; baseline -0.001 -8"><span class='ocrx_word' id='word_1_466' title='bbox 1065 1167 1116 1193; x_wconf 84' lang='lat' dir='ltr'>pro</span> <span class='ocrx_word' id='word_1_467' title='bbox 1130 1158 1219 1193; x_wconf 85' lang='lat' dir='ltr'>nobis,</span> <span class='ocrx_word' id='word_1_468' title='bbox 1233 1158 1307 1186; x_wconf 85' lang='lat' dir='ltr'>vobis</span> <span class='ocrx_word' id='word_1_469' title='bbox 1321 1159 1476 1193; x_wconf 80' lang='lat' dir='ltr'>relinquens</span> <span class='ocrx_word' id='word_1_470' title='bbox 1493 1158 1642 1192; x_wconf 66' lang='lat' dir='ltr'>exemplum</span> <span class='ocrx_word' id='word_1_471' title='bbox 1653 1165 1663 1184; x_wconf 82' lang='lat'>.·</span> <span class='ocrx_word' id='word_1_472' title='bbox 1674 1157 1753 1184; x_wconf 86' lang='lat' dir='ltr'>unde</span> <span class='ocrx_word' id='word_1_473' title='bbox 1766 1156 1843 1184; x_wconf 87' lang='lat' dir='ltr'>Chri-</span> 
     </span>
     <span class='ocr_line' id='line_1_72' title="bbox 1067 1202 1842 1240; baseline -0.003 -8"><span class='ocrx_word' id='word_1_474' title='bbox 1067 1206 1127 1232; x_wconf 88' lang='lat' dir='ltr'>stus</span> <span class='ocrx_word' id='word_1_475' title='bbox 1149 1206 1191 1232; x_wconf 89' lang='lat' dir='ltr'>est</span> <span class='ocrx_word' id='word_1_476' title='bbox 1216 1204 1300 1240; x_wconf 88' lang='lat' dir='ltr'>quasi</span> <span class='ocrx_word' id='word_1_477' title='bbox 1324 1204 1400 1232; x_wconf 90' lang='lat' dir='ltr'>liber</span> <span class='ocrx_word' id='word_1_478' title='bbox 1420 1203 1533 1240; x_wconf 86' lang='lat' dir='ltr'>positus</span> <span class='ocrx_word' id='word_1_479' title='bbox 1553 1204 1584 1231; x_wconf 92' lang='lat' dir='ltr'>in</span> <span class='ocrx_word' id='word_1_480' title='bbox 1598 1203 1712 1239; x_wconf 87' lang='lat' dir='ltr'>pulpito</span> <span class='ocrx_word' id='word_1_481' title='bbox 1729 1202 1842 1237; x_wconf 89' lang='lat' dir='ltr'>crucis,</span> 
     </span>
     <span class='ocr_line' id='line_1_73' title="bbox 1066 1249 1838 1287; baseline -0.004 -8"><span class='ocrx_word' id='word_1_482' title='bbox 1066 1254 1098 1279; x_wconf 88' lang='lat' dir='ltr'>ut</span> <span class='ocrx_word' id='word_1_483' title='bbox 1112 1251 1261 1279; x_wconf 90' lang='lat' dir='ltr'>discamus</span> <span class='ocrx_word' id='word_1_484' title='bbox 1282 1250 1501 1285; x_wconf 86' lang='lat' dir='ltr'>obedientiam,</span> <span class='ocrx_word' id='word_1_485' title='bbox 1517 1250 1706 1287; x_wconf 86' lang='lat' dir='ltr'>patientiam,</span> <span class='ocrx_word' id='word_1_486' title='bbox 1721 1249 1838 1277; x_wconf 89' lang='lat' dir='ltr'>humili-</span> 
     </span>
     <span class='ocr_line' id='line_1_74' title="bbox 1066 1296 1839 1332; baseline -0.004 -6"><span class='ocrx_word' id='word_1_487' title='bbox 1066 1300 1155 1326; x_wconf 80' lang='lat' dir='ltr'>tatem</span> <span class='ocrx_word' id='word_1_488' title='bbox 1177 1301 1204 1326; x_wconf 88' lang='lat' dir='ltr'>et</span> <span class='ocrx_word' id='word_1_489' title='bbox 1231 1298 1413 1326; x_wconf 87' lang='lat' dir='ltr'>charitatem.</span> <span class='ocrx_word' id='word_1_490' title='bbox 1443 1298 1522 1326; x_wconf 87' lang='lat' dir='ltr'>Disce</span> <span class='ocrx_word' id='word_1_491' title='bbox 1548 1299 1647 1325; x_wconf 88' lang='lat' dir='ltr'>autem</span> <span class='ocrx_word' id='word_1_492' title='bbox 1674 1296 1839 1332; x_wconf 82' lang='lat' dir='ltr'>specialiter</span> 
     </span>
     <span class='ocr_line' id='line_1_75' title="bbox 1066 1342 1839 1381; baseline -0.004 -9"><span class='ocrx_word' id='word_1_493' title='bbox 1066 1344 1221 1380; x_wconf 87' lang='lat' dir='ltr'>quomodo</span> <span class='ocrx_word' id='word_1_494' title='bbox 1245 1353 1275 1373; x_wconf 89' lang='lat' dir='ltr'>se</span> <span class='ocrx_word' id='word_1_495' title='bbox 1294 1344 1398 1372; x_wconf 88' lang='lat' dir='ltr'>habuit</span> <span class='ocrx_word' id='word_1_496' title='bbox 1416 1344 1447 1372; x_wconf 91' lang='lat' dir='ltr'>in</span> <span class='ocrx_word' id='word_1_497' title='bbox 1459 1344 1604 1381; x_wconf 87' lang='lat' dir='ltr'>capitulo,</span> <span class='ocrx_word' id='word_1_498' title='bbox 1621 1342 1743 1379; x_wconf 87' lang='lat' dir='ltr'>quando</span> <span class='ocrx_word' id='word_1_499' title='bbox 1757 1344 1839 1370; x_wconf 91' lang='lat' dir='ltr'>tene-</span> 
     </span>
     <span class='ocr_line' id='line_1_76' title="bbox 1065 1390 1841 1419; baseline -0.003 -1"><span class='ocrx_word' id='word_1_500' title='bbox 1065 1391 1176 1419; x_wconf 88' lang='lat' dir='ltr'>batur:</span> <span class='ocrx_word' id='word_1_501' title='bbox 1199 1390 1278 1419; x_wconf 87' lang='lat' dir='ltr'>unde</span> <span class='ocrx_word' id='word_1_502' title='bbox 1300 1391 1465 1419; x_wconf 83' lang='lat' dir='ltr'>Bernardus</span> <span class='ocrx_word' id='word_1_503' title='bbox 1481 1400 1486 1418; x_wconf 92' lang='lat'>:</span> <span class='ocrx_word' id='word_1_504' title='bbox 1506 1401 1520 1416; x_wconf 75' lang='grc' dir='ltr'>α</span> <span class='ocrx_word' id='word_1_505' title='bbox 1534 1390 1615 1418; x_wconf 72' lang='lat' dir='ltr'>Stetit</span> <span class='ocrx_word' id='word_1_506' title='bbox 1637 1391 1716 1418; x_wconf 73' lang='lat' dir='ltr'>Jasus</span> <span class='ocrx_word' id='word_1_507' title='bbox 1740 1396 1841 1416; x_wconf 84' lang='lat' dir='ltr'>coram</span> 
     </span>
     <span class='ocr_line' id='line_1_77' title="bbox 1065 1435 1842 1473; baseline -0.004 -8"><span class='ocrx_word' id='word_1_508' title='bbox 1065 1437 1189 1473; x_wconf 77' lang='lat' dir='ltr'>praeside</span> <span class='ocrx_word' id='word_1_509' title='bbox 1213 1438 1353 1465; x_wconf 82' lang='lat' dir='ltr'>inclinato</span> <span class='ocrx_word' id='word_1_510' title='bbox 1378 1437 1493 1473; x_wconf 83' lang='lat' dir='ltr'>capite,</span> <span class='ocrx_word' id='word_1_511' title='bbox 1516 1436 1601 1464; x_wconf 87' lang='lat' dir='ltr'>vultu</span> <span class='ocrx_word' id='word_1_512' title='bbox 1624 1435 1765 1472; x_wconf 87' lang='lat' dir='ltr'>placido,</span> <span class='ocrx_word' id='word_1_513' title='bbox 1781 1442 1842 1462; x_wconf 89' lang='lat' dir='ltr'>ser-</span> 
     </span>
     <span class='ocr_line' id='line_1_78' title="bbox 1065 1482 1841 1518; baseline -0.003 -7"><span class='ocrx_word' id='word_1_514' title='bbox 1065 1492 1155 1512; x_wconf 88' lang='lat' dir='ltr'>mone</span> <span class='ocrx_word' id='word_1_515' title='bbox 1170 1492 1255 1518; x_wconf 86' lang='lat' dir='ltr'>raro,</span> <span class='ocrx_word' id='word_1_516' title='bbox 1270 1492 1343 1512; x_wconf 84' lang='lat' dir='ltr'>voce</span> <span class='ocrx_word' id='word_1_517' title='bbox 1359 1483 1523 1518; x_wconf 87' lang='lat' dir='ltr'>submissa,</span> <span class='ocrx_word' id='word_1_518' title='bbox 1540 1482 1663 1510; x_wconf 84' lang='lat' dir='ltr'>deflexis</span> <span class='ocrx_word' id='word_1_519' title='bbox 1683 1482 1714 1509; x_wconf 93' lang='lat' dir='ltr'>in</span> <span class='ocrx_word' id='word_1_520' title='bbox 1734 1483 1841 1509; x_wconf 88' lang='lat' dir='ltr'>terram</span> 
     </span>
     <span class='ocr_line' id='line_1_79' title="bbox 1065 1528 1841 1567; baseline -0.003 -9"><span class='ocrx_word' id='word_1_521' title='bbox 1065 1531 1242 1567; x_wconf 84' lang='lat' dir='ltr'>aspectibus,</span> <span class='ocrx_word' id='word_1_522' title='bbox 1255 1532 1374 1566; x_wconf 86' lang='lat' dir='ltr'>paratus</span> <span class='ocrx_word' id='word_1_523' title='bbox 1388 1530 1426 1558; x_wconf 85' lang='lat' dir='ltr'>ad</span> <span class='ocrx_word' id='word_1_524' title='bbox 1442 1529 1616 1566; x_wconf 85' lang='lat' dir='ltr'>opprobria,</span> <span class='ocrx_word' id='word_1_525' title='bbox 1624 1531 1651 1556; x_wconf 87' lang='lat' dir='ltr'>et</span> <span class='ocrx_word' id='word_1_526' title='bbox 1665 1528 1704 1556; x_wconf 85' lang='lat' dir='ltr'>ad</span> <span class='ocrx_word' id='word_1_527' title='bbox 1716 1528 1841 1556; x_wconf 85' lang='lat' dir='ltr'>verbera</span> 
     </span>
     <span class='ocr_line' id='line_1_80' title="bbox 1065 1575 1841 1613; baseline -0.005 -8"><span class='ocrx_word' id='word_1_528' title='bbox 1065 1579 1230 1613; x_wconf 85' lang='lat' dir='ltr'>promptus.</span> <span class='ocrx_word' id='word_1_529' title='bbox 1248 1588 1260 1602; x_wconf 85' lang='lat'>»</span> <span class='ocrx_word' id='word_1_530' title='bbox 1279 1578 1408 1604; x_wconf 81' lang='lat' dir='ltr'>Honorat</span> <span class='ocrx_word' id='word_1_531' title='bbox 1430 1576 1589 1604; x_wconf 87' lang='lat' dir='ltr'>imitatores</span> <span class='ocrx_word' id='word_1_532' title='bbox 1603 1584 1672 1603; x_wconf 88' lang='lat' dir='ltr'>suos</span> <span class='ocrx_word' id='word_1_533' title='bbox 1685 1576 1695 1592; x_wconf 91' lang='lat'><strong>⁷</strong></span> <span class='ocrx_word' id='word_1_534' title='bbox 1713 1585 1718 1602; x_wconf 93' lang='lat'>:</span> <span class='ocrx_word' id='word_1_535' title='bbox 1736 1576 1780 1603; x_wconf 84' lang='lat' dir='ltr'>Sic</span> <span class='ocrx_word' id='word_1_536' title='bbox 1795 1575 1841 1602; x_wconf 89' lang='lat' dir='ltr'>ho-</span> 
     </span>
     <span class='ocr_line' id='line_1_81' title="bbox 1065 1621 1841 1658; baseline -0.003 -8"><span class='ocrx_word' id='word_1_537' title='bbox 1065 1625 1207 1650; x_wconf 77' lang='lat' dir='ltr'>norabitur</span> <span class='ocrx_word' id='word_1_538' title='bbox 1223 1632 1300 1658; x_wconf 76' lang='lat' dir='ltr'>quem</span> <span class='ocrx_word' id='word_1_539' title='bbox 1319 1632 1368 1650; x_wconf 73' lang='lat' dir='ltr'>ree:</span> <span class='ocrx_word' id='word_1_540' title='bbox 1384 1624 1498 1650; x_wconf 78' lang='lat' dir='ltr'>voluerit</span> <span class='ocrx_word' id='word_1_541' title='bbox 1522 1624 1659 1650; x_wconf 82' lang='lat' dir='ltr'>honorare.</span> <span class='ocrx_word' id='word_1_542' title='bbox 1676 1621 1786 1649; x_wconf 84' lang='lat' dir='ltr'>Excitat</span> <span class='ocrx_word' id='word_1_543' title='bbox 1801 1621 1841 1648; x_wconf 86' lang='lat' dir='ltr'>ad</span> 
     </span>
     <span class='ocr_line' id='line_1_82' title="bbox 1064 1667 1840 1705; baseline -0.004 -8"><span class='ocrx_word' id='word_1_544' title='bbox 1064 1677 1197 1705; x_wconf 84' lang='lat' dir='ltr'>pugnam</span> <span class='ocrx_word' id='word_1_545' title='bbox 1212 1669 1394 1704; x_wconf 85' lang='lat' dir='ltr'>spiritualem</span> <span class='ocrx_word' id='word_1_546' title='bbox 1409 1670 1419 1686; x_wconf 84' lang='lat'>⁸</span> <span class='ocrx_word' id='word_1_547' title='bbox 1435 1679 1441 1696; x_wconf 93' lang='lat'>:</span> <span class='ocrx_word' id='word_1_548' title='bbox 1459 1669 1639 1696; x_wconf 70' lang='lat' dir='ltr'>Ostendet-unt</span> <span class='ocrx_word' id='word_1_549' title='bbox 1657 1667 1840 1703; x_wconf 79' lang='lat' dir='ltr'>elephantibus</span> 
     </span>
     <span class='ocr_line' id='line_1_83' title="bbox 1064 1714 1839 1750; baseline -0.001 -8"><span class='ocrx_word' id='word_1_550' title='bbox 1064 1717 1233 1750; x_wconf 72' lang='lat' dir='ltr'>sanquinem.</span> <span class='ocrx_word' id='word_1_551' title='bbox 1257 1716 1423 1743; x_wconf 87' lang='lat' dir='ltr'>inflammat</span> <span class='ocrx_word' id='word_1_552' title='bbox 1438 1715 1477 1743; x_wconf 87' lang='lat' dir='ltr'>ad</span> <span class='ocrx_word' id='word_1_553' title='bbox 1498 1714 1702 1750; x_wconf 84' lang='lat' dir='ltr'>diligendum;</span> <span class='ocrx_word' id='word_1_554' title='bbox 1719 1716 1839 1741; x_wconf 85' lang='lat' dir='ltr'>Bernar-</span> 
     </span>
     <span class='ocr_line' id='line_1_84' title="bbox 1065 1760 1840 1797; baseline -0.003 -8"><span class='ocrx_word' id='word_1_555' title='bbox 1065 1761 1121 1789; x_wconf 90' lang='lat' dir='ltr'>dus</span> <span class='ocrx_word' id='word_1_556' title='bbox 1139 1771 1144 1788; x_wconf 79' lang='lat' dir='ltr'>z</span> <span class='ocrx_word' id='word_1_557' title='bbox 1164 1772 1177 1787; x_wconf 86' lang='lat'>«</span> <span class='ocrx_word' id='word_1_558' title='bbox 1193 1762 1286 1797; x_wconf 88' lang='lat' dir='ltr'>Super</span> <span class='ocrx_word' id='word_1_559' title='bbox 1301 1762 1402 1789; x_wconf 88' lang='lat' dir='ltr'>omnia</span> <span class='ocrx_word' id='word_1_560' title='bbox 1418 1764 1443 1789; x_wconf 90' lang='lat' dir='ltr'>te</span> <span class='ocrx_word' id='word_1_561' title='bbox 1458 1761 1530 1788; x_wconf 86' lang='lat' dir='ltr'>mihi</span> <span class='ocrx_word' id='word_1_562' title='bbox 1546 1760 1643 1788; x_wconf 84' lang='lat' dir='ltr'>reddit</span> <span class='ocrx_word' id='word_1_563' title='bbox 1659 1760 1820 1788; x_wconf 87' lang='lat' dir='ltr'>amabilem</span> <span class='ocrx_word' id='word_1_564' title='bbox 1831 1780 1840 1793; x_wconf 89' lang='lat'>,</span> 
     </span>
     <span class='ocr_line' id='line_1_85' title="bbox 1065 1806 1839 1843; baseline -0.003 -8"><span class='ocrx_word' id='word_1_565' title='bbox 1065 1808 1143 1835; x_wconf 88' lang='lat' dir='ltr'>bone</span> <span class='ocrx_word' id='word_1_566' title='bbox 1158 1810 1235 1842; x_wconf 75' lang='lat' dir='ltr'>Jnsu,</span> <span class='ocrx_word' id='word_1_567' title='bbox 1253 1808 1329 1835; x_wconf 85' lang='lat' dir='ltr'>calix</span> <span class='ocrx_word' id='word_1_568' title='bbox 1352 1815 1442 1843; x_wconf 88' lang='lat' dir='ltr'>quem</span> <span class='ocrx_word' id='word_1_569' title='bbox 1465 1807 1584 1841; x_wconf 88' lang='lat' dir='ltr'>bibisti,</span> <span class='ocrx_word' id='word_1_570' title='bbox 1604 1815 1680 1843; x_wconf 93' lang='lat' dir='ltr'>opus</span> <span class='ocrx_word' id='word_1_571' title='bbox 1702 1806 1839 1842; x_wconf 84' lang='lat' dir='ltr'>redemp-</span> 
     </span>
     <span class='ocr_line' id='line_1_86' title="bbox 1064 1852 1836 1890; baseline -0.003 -8"><span class='ocrx_word' id='word_1_572' title='bbox 1064 1855 1152 1882; x_wconf 90' lang='lat' dir='ltr'>tionis</span> <span class='ocrx_word' id='word_1_573' title='bbox 1170 1857 1288 1882; x_wconf 80' lang='lat' dir='ltr'>nostrae.</span> <span class='ocrx_word' id='word_1_574' title='bbox 1307 1864 1320 1880; x_wconf 67' lang='grc' dir='ltr'>υ</span> <span class='ocrx_word' id='word_1_575' title='bbox 1342 1856 1466 1890; x_wconf 84' lang='lat' dir='ltr'>Reparat</span> <span class='ocrx_word' id='word_1_576' title='bbox 1484 1856 1621 1882; x_wconf 85' lang='lat' dir='ltr'>naturam</span> <span class='ocrx_word' id='word_1_577' title='bbox 1643 1852 1809 1888; x_wconf 80' lang='lat' dir='ltr'>angelicam</span> <span class='ocrx_word' id='word_1_578' title='bbox 1830 1861 1836 1879; x_wconf 92' lang='lat'><strong>:</strong></span> 
     </span>
     <span class='ocr_line' id='line_1_87' title="bbox 1063 1899 1839 1938; baseline -0.001 -10"><span class='ocrx_word' id='word_1_579' title='bbox 1063 1903 1126 1938; x_wconf 88' lang='lat' dir='ltr'>Ipse</span> <span class='ocrx_word' id='word_1_580' title='bbox 1149 1901 1228 1928; x_wconf 88' lang='lat' dir='ltr'>enim</span> <span class='ocrx_word' id='word_1_581' title='bbox 1243 1901 1372 1929; x_wconf 89' lang='lat' dir='ltr'>Christus</span> <span class='ocrx_word' id='word_1_582' title='bbox 1391 1903 1433 1929; x_wconf 83' lang='lat' dir='ltr'>est</span> <span class='ocrx_word' id='word_1_583' title='bbox 1446 1902 1456 1917; x_wconf 80' lang='lat'>⁹</span> <span class='ocrx_word' id='word_1_584' title='bbox 1473 1900 1549 1936; x_wconf 87' lang='lat' dir='ltr'>lapis</span> <span class='ocrx_word' id='word_1_585' title='bbox 1570 1899 1736 1935; x_wconf 86' lang='lat' dir='ltr'>angularis,</span> <span class='ocrx_word' id='word_1_586' title='bbox 1753 1899 1804 1935; x_wconf 89' lang='lat' dir='ltr'>qui</span> <span class='ocrx_word' id='word_1_587' title='bbox 1820 1899 1839 1915; x_wconf 91' lang='lat'>¹⁰</span> 
     </span>
     <span class='ocr_line' id='line_1_88' title="bbox 1063 1947 1839 1984; baseline -0.003 -9"><span class='ocrx_word' id='word_1_588' title='bbox 1063 1950 1128 1982; x_wconf 80' lang='lat' dir='ltr'>fecit</span> <span class='ocrx_word' id='word_1_589' title='bbox 1152 1951 1266 1984; x_wconf 79' lang='lat' dir='ltr'>utraque</span> <span class='ocrx_word' id='word_1_590' title='bbox 1289 1957 1381 1976; x_wconf 82' lang='lat' dir='ltr'>unum.</span> <span class='ocrx_word' id='word_1_591' title='bbox 1407 1950 1511 1976; x_wconf 86' lang='lat' dir='ltr'>Pacem</span> <span class='ocrx_word' id='word_1_592' title='bbox 1536 1947 1586 1975; x_wconf 87' lang='lat' dir='ltr'>dat</span> <span class='ocrx_word' id='word_1_593' title='bbox 1609 1947 1683 1974; x_wconf 90' lang='lat' dir='ltr'>inter</span> <span class='ocrx_word' id='word_1_594' title='bbox 1706 1948 1796 1973; x_wconf 88' lang='lat' dir='ltr'>Deum</span> <span class='ocrx_word' id='word_1_595' title='bbox 1812 1948 1839 1973; x_wconf 90' lang='lat' dir='ltr'>et</span> 
     </span>
     <span class='ocr_line' id='line_1_89' title="bbox 1063 1991 1836 2030; baseline -0.004 -8"><span class='ocrx_word' id='word_1_596' title='bbox 1063 1995 1235 2029; x_wconf 87' lang='lat' dir='ltr'>hominem,</span> <span class='ocrx_word' id='word_1_597' title='bbox 1264 1996 1292 2022; x_wconf 87' lang='lat' dir='ltr'>ct</span> <span class='ocrx_word' id='word_1_598' title='bbox 1318 1995 1392 2022; x_wconf 89' lang='lat' dir='ltr'>inter</span> <span class='ocrx_word' id='word_1_599' title='bbox 1416 1993 1556 2030; x_wconf 85' lang='lat' dir='ltr'>angelum</span> <span class='ocrx_word' id='word_1_600' title='bbox 1579 1996 1607 2021; x_wconf 86' lang='lat' dir='ltr'>et</span> <span class='ocrx_word' id='word_1_601' title='bbox 1626 1992 1780 2020; x_wconf 90' lang='lat' dir='ltr'>hominem</span> <span class='ocrx_word' id='word_1_602' title='bbox 1794 1991 1814 2008; x_wconf 84' lang='lat'>¹¹</span> <span class='ocrx_word' id='word_1_603' title='bbox 1831 2001 1836 2018; x_wconf 88' lang='lat'>:</span> 
     </span>
     <span class='ocr_line' id='line_1_90' title="bbox 1063 2040 1835 2076; baseline -0.004 -8"><span class='ocrx_word' id='word_1_604' title='bbox 1063 2042 1096 2068; x_wconf 79' lang='lat' dir='ltr'>In</span> <span class='ocrx_word' id='word_1_605' title='bbox 1124 2044 1239 2076; x_wconf 80' lang='lat' dir='ltr'>tempore</span> <span class='ocrx_word' id='word_1_606' title='bbox 1267 2041 1417 2068; x_wconf 67' lang='lat' dir='ltr'>iracundae</span> <span class='ocrx_word' id='word_1_607' title='bbox 1448 2042 1537 2074; x_wconf 79' lang='lat' dir='ltr'>factus</span> <span class='ocrx_word' id='word_1_608' title='bbox 1572 2043 1610 2068; x_wconf 86' lang='lat' dir='ltr'>est</span> <span class='ocrx_word' id='word_1_609' title='bbox 1643 2040 1835 2067; x_wconf 80' lang='lat' dir='ltr'>reconciliatio.</span> 
     </span>
     <span class='ocr_line' id='line_1_91' title="bbox 1064 2085 1836 2121; baseline -0.003 -7"><span class='ocrx_word' id='word_1_610' title='bbox 1064 2089 1164 2115; x_wconf 79' lang='lat' dir='ltr'>Armat</span> <span class='ocrx_word' id='word_1_611' title='bbox 1178 2089 1279 2116; x_wconf 89' lang='lat' dir='ltr'>contra</span> <span class='ocrx_word' id='word_1_612' title='bbox 1300 2088 1447 2115; x_wconf 89' lang='lat' dir='ltr'>mundum</span> <span class='ocrx_word' id='word_1_613' title='bbox 1457 2108 1466 2121; x_wconf 94' lang='lat'>,</span> <span class='ocrx_word' id='word_1_614' title='bbox 1482 2095 1599 2114; x_wconf 88' lang='lat' dir='ltr'>carnem</span> <span class='ocrx_word' id='word_1_615' title='bbox 1616 2088 1643 2114; x_wconf 89' lang='lat' dir='ltr'>et</span> <span class='ocrx_word' id='word_1_616' title='bbox 1659 2085 1814 2113; x_wconf 84' lang='lat' dir='ltr'>diabolum</span> <span class='ocrx_word' id='word_1_617' title='bbox 1829 2094 1836 2112; x_wconf 73' lang='grc' dir='ltr'>ε</span> 
     </span>
     <span class='ocr_line' id='line_1_92' title="bbox 1064 2131 1837 2170; baseline -0.005 -8"><span class='ocrx_word' id='word_1_618' title='bbox 1064 2134 1143 2162; x_wconf 87' lang='lat' dir='ltr'>unde</span> <span class='ocrx_word' id='word_1_619' title='bbox 1159 2134 1340 2170; x_wconf 83' lang='lat' dir='ltr'>significatur</span> <span class='ocrx_word' id='word_1_620' title='bbox 1354 2142 1407 2169; x_wconf 86' lang='lat' dir='ltr'>per</span> <span class='ocrx_word' id='word_1_621' title='bbox 1430 2133 1568 2169; x_wconf 72' lang='lat' dir='ltr'>clypeum</span> <span class='ocrx_word' id='word_1_622' title='bbox 1584 2133 1604 2150; x_wconf 71' lang='lat'>¹²</span> <span class='ocrx_word' id='word_1_623' title='bbox 1620 2140 1710 2168; x_wconf 87' lang='lat' dir='ltr'>quem</span> <span class='ocrx_word' id='word_1_624' title='bbox 1729 2131 1837 2159; x_wconf 88' lang='lat' dir='ltr'>levavit</span> 
     </span>
     <span class='ocr_line' id='line_1_93' title="bbox 1065 2179 1837 2213; baseline -0.006 -4"><span class='ocrx_word' id='word_1_625' title='bbox 1065 2184 1166 2208; x_wconf 82' lang='lat' dir='ltr'>contra</span> <span class='ocrx_word' id='word_1_626' title='bbox 1177 2181 1236 2208; x_wconf 85' lang='lat' dir='ltr'>Hai.</span> <span class='ocrx_word' id='word_1_627' title='bbox 1249 2181 1336 2208; x_wconf 84' lang='lat' dir='ltr'>Sanat</span> <span class='ocrx_word' id='word_1_628' title='bbox 1350 2180 1456 2207; x_wconf 89' lang='lat' dir='ltr'>mentis</span> <span class='ocrx_word' id='word_1_629' title='bbox 1471 2179 1595 2206; x_wconf 84' lang='lat' dir='ltr'>vulnera</span> <span class='ocrx_word' id='word_1_630' title='bbox 1612 2179 1630 2196; x_wconf 75' lang='lat'>¹³</span> <span class='ocrx_word' id='word_1_631' title='bbox 1643 2188 1650 2205; x_wconf 73' lang='grc' dir='ltr'>ε</span> <span class='ocrx_word' id='word_1_632' title='bbox 1667 2179 1837 2213; x_wconf 82' lang='lat' dir='ltr'>Aspicientes</span> 
     </span>
     <span class='ocr_line' id='line_1_94' title="bbox 1064 2223 1836 2262; baseline -0.005 -8"><span class='ocrx_word' id='word_1_633' title='bbox 1064 2229 1093 2254; x_wconf 80' lang='lat' dir='ltr'>in</span> <span class='ocrx_word' id='word_1_634' title='bbox 1112 2231 1258 2262; x_wconf 77' lang='lat' dir='ltr'>serpentem</span> <span class='ocrx_word' id='word_1_635' title='bbox 1277 2235 1394 2259; x_wconf 82' lang='lat' dir='ltr'>oeneum,</span> <span class='ocrx_word' id='word_1_636' title='bbox 1409 2226 1583 2253; x_wconf 82' lang='lat' dir='ltr'>sanabantur.</span> <span class='ocrx_word' id='word_1_637' title='bbox 1601 2223 1732 2252; x_wconf 82' lang='lat' dir='ltr'>Vivificat</span> <span class='ocrx_word' id='word_1_638' title='bbox 1750 2223 1836 2259; x_wconf 85' lang='lat' dir='ltr'>spiri-</span> 
     </span>
     <span class='ocr_line' id='line_1_95' title="bbox 1064 2271 1836 2308; baseline -0.004 -8"><span class='ocrx_word' id='word_1_639' title='bbox 1064 2273 1194 2308; x_wconf 69' lang='lat' dir='ltr'>tualiter,</span> <span class='ocrx_word' id='word_1_640' title='bbox 1207 2273 1363 2308; x_wconf 75' lang='lat' dir='ltr'>Apostolus</span> <span class='ocrx_word' id='word_1_641' title='bbox 1377 2271 1415 2300; x_wconf 69' lang='lat'>¹⁵:</span> <span class='ocrx_word' id='word_1_642' title='bbox 1430 2273 1495 2299; x_wconf 86' lang='lat' dir='ltr'>Cum</span> <span class='ocrx_word' id='word_1_643' title='bbox 1505 2279 1616 2299; x_wconf 82' lang='lat' dir='ltr'>essemus</span> <span class='ocrx_word' id='word_1_644' title='bbox 1631 2273 1731 2298; x_wconf 83' lang='lat' dir='ltr'>mortui</span> <span class='ocrx_word' id='word_1_645' title='bbox 1744 2278 1836 2305; x_wconf 84' lang='lat' dir='ltr'>pecca-</span> 
     </span>
     <span class='ocr_line' id='line_1_96' title="bbox 1064 2317 1836 2354; baseline -0.004 -8"><span class='ocrx_word' id='word_1_646' title='bbox 1064 2322 1107 2351; x_wconf 85' lang='lat' dir='ltr'>tis,</span> <span class='ocrx_word' id='word_1_647' title='bbox 1121 2321 1327 2354; x_wconf 76' lang='lat' dir='ltr'>convivificavit,</span> <span class='ocrx_word' id='word_1_648' title='bbox 1344 2321 1396 2347; x_wconf 88' lang='lat' dir='ltr'>etc.</span> <span class='ocrx_word' id='word_1_649' title='bbox 1414 2318 1592 2354; x_wconf 83' lang='lat' dir='ltr'>Augustinus</span> <span class='ocrx_word' id='word_1_650' title='bbox 1609 2327 1641 2345; x_wconf 87' lang='lat'>:«</span> <span class='ocrx_word' id='word_1_651' title='bbox 1653 2317 1781 2345; x_wconf 84' lang='lat' dir='ltr'>Mortuus</span> <span class='ocrx_word' id='word_1_652' title='bbox 1794 2318 1836 2343; x_wconf 90' lang='lat' dir='ltr'>est</span> 
     </span>
     <span class='ocr_line' id='line_1_97' title="bbox 1063 2364 1833 2400; baseline -0.005 -7"><span class='ocrx_word' id='word_1_653' title='bbox 1063 2366 1183 2400; x_wconf 79' lang='lat' dir='ltr'>unicuS,</span> <span class='ocrx_word' id='word_1_654' title='bbox 1199 2374 1235 2393; x_wconf 88' lang='lat' dir='ltr'>ne</span> <span class='ocrx_word' id='word_1_655' title='bbox 1259 2367 1392 2393; x_wconf 84' lang='lat' dir='ltr'>maneret</span> <span class='ocrx_word' id='word_1_656' title='bbox 1411 2365 1525 2393; x_wconf 88' lang='lat' dir='ltr'>unicus.</span> <span class='ocrx_word' id='word_1_657' title='bbox 1541 2376 1555 2390; x_wconf 75' lang='grc' dir='ltr'>ι)</span> <span class='ocrx_word' id='word_1_658' title='bbox 1577 2364 1659 2392; x_wconf 89' lang='lat' dir='ltr'>Ducit</span> <span class='ocrx_word' id='word_1_659' title='bbox 1681 2371 1734 2400; x_wconf 85' lang='lat' dir='ltr'>per</span> <span class='ocrx_word' id='word_1_660' title='bbox 1751 2370 1833 2390; x_wconf 86' lang='lat' dir='ltr'>mare</span> 
     </span>
     <span class='ocr_line' id='line_1_98' title="bbox 1063 2409 1834 2447; baseline -0.004 -8"><span class='ocrx_word' id='word_1_661' title='bbox 1063 2412 1150 2447; x_wconf 88' lang='lat' dir='ltr'>hujus</span> <span class='ocrx_word' id='word_1_662' title='bbox 1158 2411 1276 2446; x_wconf 28' lang='lat' dir='ltr'>mundi-3</span> <span class='ocrx_word' id='word_1_663' title='bbox 1288 2412 1322 2447; x_wconf 73' lang='grc' dir='ltr'>(ὁ)</span> <span class='ocrx_word' id='word_1_664' title='bbox 1333 2412 1391 2439; x_wconf 83' lang='lat' dir='ltr'>¹⁵de</span> <span class='ocrx_word' id='word_1_665' title='bbox 1401 2412 1486 2447; x_wconf 82' lang='lat' dir='ltr'>virga</span> <span class='ocrx_word' id='word_1_666' title='bbox 1494 2411 1595 2447; x_wconf 80' lang='lat' dir='ltr'>Moysi.</span> <span class='ocrx_word' id='word_1_667' title='bbox 1606 2409 1755 2443; x_wconf 80' lang='lat' dir='ltr'>Dulcorat3</span> <span class='ocrx_word' id='word_1_668' title='bbox 1767 2409 1801 2444; x_wconf 87' lang='lat' dir='ltr'>(b)</span> <span class='ocrx_word' id='word_1_669' title='bbox 1814 2409 1834 2424; x_wconf 75' lang='lat'>¹⁴²</span> 
     </span>
     <span class='ocr_line' id='line_1_99' title="bbox 1064 2455 1832 2494; baseline -0.004 -9"><span class='ocrx_word' id='word_1_670' title='bbox 1064 2458 1100 2486; x_wconf 91' lang='lat' dir='ltr'>de</span> <span class='ocrx_word' id='word_1_671' title='bbox 1113 2458 1194 2494; x_wconf 86' lang='lat' dir='ltr'>ligno</span> <span class='ocrx_word' id='word_1_672' title='bbox 1216 2457 1305 2486; x_wconf 87' lang='lat' dir='ltr'>misso</span> <span class='ocrx_word' id='word_1_673' title='bbox 1320 2458 1350 2486; x_wconf 90' lang='lat' dir='ltr'>in</span> <span class='ocrx_word' id='word_1_674' title='bbox 1366 2466 1459 2494; x_wconf 85' lang='lat' dir='ltr'>aquas</span> <span class='ocrx_word' id='word_1_675' title='bbox 1472 2457 1591 2486; x_wconf 86' lang='lat' dir='ltr'>Marath.</span> <span class='ocrx_word' id='word_1_676' title='bbox 1607 2455 1772 2484; x_wconf 83' lang='lat' dir='ltr'>obumbrat</span> <span class='ocrx_word' id='word_1_677' title='bbox 1788 2455 1808 2472; x_wconf 94' lang='lat'>¹⁷</span> <span class='ocrx_word' id='word_1_678' title='bbox 1825 2464 1832 2482; x_wconf 90' lang='lat'>:</span> 
     </span>
     <span class='ocr_line' id='line_1_100' title="bbox 1062 2502 1834 2540; baseline -0.004 -8"><span class='ocrx_word' id='word_1_679' title='bbox 1062 2505 1117 2533; x_wconf 82' lang='lat' dir='ltr'>Sub</span> <span class='ocrx_word' id='word_1_680' title='bbox 1136 2505 1232 2532; x_wconf 82' lang='lat' dir='ltr'>umbra</span> <span class='ocrx_word' id='word_1_681' title='bbox 1254 2506 1328 2532; x_wconf 75' lang='lat' dir='ltr'>illius</span> <span class='ocrx_word' id='word_1_682' title='bbox 1341 2526 1351 2540; x_wconf 97' lang='lat'>,</span> <span class='ocrx_word' id='word_1_683' title='bbox 1373 2513 1450 2540; x_wconf 81' lang='lat' dir='ltr'>quem</span> <span class='ocrx_word' id='word_1_684' title='bbox 1470 2504 1703 2537; x_wconf 83' lang='lat' dir='ltr'>desideraveram,</span> <span class='ocrx_word' id='word_1_685' title='bbox 1727 2502 1796 2530; x_wconf 87' lang='lat' dir='ltr'>sedi.</span> <span class='ocrx_word' id='word_1_686' title='bbox 1812 2504 1834 2529; x_wconf 83' lang='grc' dir='ltr'><strong>Α</strong></span> 
     </span>
    </p>
   </div>
   <div class='ocr_carea' id='block_1_13' title="bbox 1063 2583 1834 2719">
    <p class='ocr_par' dir='ltr' id='par_1_18' title="bbox 1063 2583 1834 2719">
     <span class='ocr_line' id='line_1_101' title="bbox 1063 2583 1834 2615; baseline -0.004 -7"><span class='ocrx_word' id='word_1_687' title='bbox 1063 2597 1094 2602; x_wconf 91' lang='grc'>-</span> <span class='ocrx_word' id='word_1_688' title='bbox 1113 2585 1132 2602; x_wconf 85' lang='lat'>&#39;⁰</span> <span class='ocrx_word' id='word_1_689' title='bbox 1147 2584 1248 2615; x_wconf 55' lang='lat' dir='ltr'>Ephe-s„</span> <span class='ocrx_word' id='word_1_690' title='bbox 1263 2591 1291 2615; x_wconf 86' lang='lat'>11,</span> <span class='ocrx_word' id='word_1_691' title='bbox 1309 2586 1345 2609; x_wconf 73' lang='grc' dir='ltr'>Η.</span> <span class='ocrx_word' id='word_1_692' title='bbox 1365 2597 1392 2602; x_wconf 87' lang='grc'><strong>-</strong></span> <span class='ocrx_word' id='word_1_693' title='bbox 1410 2584 1428 2601; x_wconf 85' lang='lat'>¹¹</span> <span class='ocrx_word' id='word_1_694' title='bbox 1443 2583 1533 2612; x_wconf 74' lang='lat' dir='ltr'>Eccli„</span> <span class='ocrx_word' id='word_1_695' title='bbox 1549 2588 1619 2612; x_wconf 67' lang='grc' dir='ltr'><strong>ςιιν,</strong></span> <span class='ocrx_word' id='word_1_696' title='bbox 1637 2583 1675 2606; x_wconf 78' lang='grc' dir='ltr'>Π.</span> <span class='ocrx_word' id='word_1_697' title='bbox 1690 2595 1721 2601; x_wconf 88' lang='grc'><strong>-</strong></span> <span class='ocrx_word' id='word_1_698' title='bbox 1737 2583 1754 2597; x_wconf 83' lang='lat'>¹²</span> <span class='ocrx_word' id='word_1_699' title='bbox 1769 2583 1834 2611; x_wconf 65' lang='lat' dir='ltr'>los„</span> 
     </span>
     <span class='ocr_line' id='line_1_102' title="bbox 1064 2617 1833 2648; baseline -0.003 -6"><span class='ocrx_word' id='word_1_700' title='bbox 1064 2624 1126 2648; x_wconf 78' lang='lat' dir='ltr'>viii,</span> <span class='ocrx_word' id='word_1_701' title='bbox 1145 2620 1182 2643; x_wconf 80' lang='lat'>19.</span> <span class='ocrx_word' id='word_1_702' title='bbox 1199 2632 1226 2636; x_wconf 97' lang='lat'><strong>—</strong></span> <span class='ocrx_word' id='word_1_703' title='bbox 1247 2619 1267 2636; x_wconf 82' lang='lat'>¹³</span> <span class='ocrx_word' id='word_1_704' title='bbox 1285 2620 1374 2648; x_wconf 66' lang='lat' dir='ltr'>Num„</span> <span class='ocrx_word' id='word_1_705' title='bbox 1391 2624 1453 2648; x_wconf 79' lang='lat' dir='ltr'>xxi,</span> <span class='ocrx_word' id='word_1_706' title='bbox 1471 2619 1494 2641; x_wconf 86' lang='grc'>9.</span> <span class='ocrx_word' id='word_1_707' title='bbox 1508 2631 1540 2636; x_wconf 95' lang='grc'><strong>-</strong></span> <span class='ocrx_word' id='word_1_708' title='bbox 1561 2618 1579 2635; x_wconf 70' lang='lat'>²⁴</span> <span class='ocrx_word' id='word_1_709' title='bbox 1600 2617 1702 2647; x_wconf 64' lang='lat' dir='ltr'>Ephes„</span> <span class='ocrx_word' id='word_1_710' title='bbox 1718 2623 1747 2647; x_wconf 88' lang='grc' dir='ltr'>ιι,</span> <span class='ocrx_word' id='word_1_711' title='bbox 1762 2618 1786 2641; x_wconf 84' lang='lat'>5.</span> <span class='ocrx_word' id='word_1_712' title='bbox 1803 2628 1833 2634; x_wconf 89' lang='lat'>-</span> 
     </span>
     <span class='ocr_line' id='line_1_103' title="bbox 1065 2651 1831 2683; baseline -0.005 -5"><span class='ocrx_word' id='word_1_713' title='bbox 1065 2655 1082 2672; x_wconf 76' lang='lat'>¹⁵</span> <span class='ocrx_word' id='word_1_714' title='bbox 1100 2654 1188 2678; x_wconf 78' lang='lat' dir='ltr'>EJorl..</span> <span class='ocrx_word' id='word_1_715' title='bbox 1213 2660 1265 2683; x_wconf 61' lang='grc' dir='ltr'>Ην,</span> <span class='ocrx_word' id='word_1_716' title='bbox 1288 2656 1322 2678; x_wconf 67' lang='lat' dir='ltr'>iti.</span> <span class='ocrx_word' id='word_1_717' title='bbox 1340 2668 1369 2673; x_wconf 94' lang='lat'>·-</span> <span class='ocrx_word' id='word_1_718' title='bbox 1392 2655 1410 2669; x_wconf 80' lang='lat'>¹⁶</span> <span class='ocrx_word' id='word_1_719' title='bbox 1432 2653 1519 2680; x_wconf 58' lang='lat' dir='ltr'>Mod..</span> <span class='ocrx_word' id='word_1_720' title='bbox 1539 2659 1580 2679; x_wconf 73' lang='lat' dir='ltr'>xv.</span> <span class='ocrx_word' id='word_1_721' title='bbox 1604 2654 1643 2676; x_wconf 75' lang='lat'>25.</span> <span class='ocrx_word' id='word_1_722' title='bbox 1658 2665 1688 2670; x_wconf 89' lang='grc'>-</span> <span class='ocrx_word' id='word_1_723' title='bbox 1711 2652 1731 2668; x_wconf 81' lang='lat'>¹&#39;</span> <span class='ocrx_word' id='word_1_724' title='bbox 1746 2651 1831 2677; x_wconf 70' lang='lat' dir='ltr'>Cane..</span> 
     </span>
     <span class='ocr_line' id='line_1_104' title="bbox 1066 2692 1132 2719; baseline -0.03 -7"><span class='ocrx_word' id='word_1_725' title='bbox 1066 2696 1091 2719; x_wconf 71' lang='grc' dir='ltr'>ιι,</span> <span class='ocrx_word' id='word_1_726' title='bbox 1112 2692 1132 2711; x_wconf 71' lang='grc' dir='ltr'>ῖῖ.</span> 
     </span>
    </p>
   </div>
  </div>
 </body>
</html>
