2004 3037
670 209 1002 246 CONFESSIONALE.
1025 213 1113 246 CAP.
1138 215 1191 247 ΙΙΙ.

122 272 242 319 quarta,
260 283 288 310 et
299 283 381 310 sexta
392 281 476 318 feria,
488 290 505 311 a
520 281 591 311 vino
606 282 635 310 ct
649 288 667 309 a
680 288 768 309 carne
783 281 903 318 penitus

119 329 276 366 jejunare,
301 331 329 357 et
350 329 428 358 ultra
448 328 582 366 lugenda
604 335 797 365 nequaquam
820 335 902 357 com-

122 376 246 405 mittere.
263 386 278 404 »
295 377 360 405 Haec
373 383 481 406 canon.

385 455 566 480 PARTICULA
583 454 652 480 Vlll.

140 510 176 534 De
191 509 345 541 paenitentia
362 509 430 541 ejus,
446 509 490 541 qui
506 510 608 534 accusat
625 508 702 533 alium
717 508 749 533 ad
767 509 887 533 mortem.

162 566 306 603 Septimus
317 573 414 594 canon
425 574 462 594 ex
472 565 654 601 Burchardo,
665 564 717 593 lib.
727 565 802 593 XLiV
820 565 905 601 (Ext.,

125 614 162 643 de
173 613 304 650 Accus.):
317 623 330 640 α
343 613 488 642 Accusasti
503 613 646 649 aliquem,
657 615 684 641 et
697 620 751 649 per
766 615 847 640 tuam
859 620 906 640 ac-

125 661 307 690 cusationem
323 660 437 689 occisus
452 661 513 688 est:
529 660 584 688 nisi
599 668 655 696 pro
677 667 751 696 pace
764 661 772 677 ¹
789 659 847 687 hoc
865 658 906 686 fe-

126 708 216 743 ceris,
231 707 428 744 quadraginta
442 706 506 735 dies
526 707 556 734 in
571 715 648 743 pane
666 708 694 735 et
708 715 786 743 aqua
796 728 804 741 ,
821 705 906 742 quod

127 755 227 783 carina
234 755 269 791 (a)
277 757 410 788 vocatur,
420 762 489 782 cum
499 756 611 790 septem
621 753 814 790 sequentibus
823 753 908 781 annis

125 801 279 838 poeniteas.
295 801 323 830 Si
338 803 438 829 autem
454 809 508 837 per
522 803 605 829 tuam
619 801 785 829 delaturam
802 799 909 828 debili-

126 850 202 876 tatus
217 849 227 865 2
242 850 285 876 est
296 869 303 882 =
319 856 373 884 per
397 850 455 876 tres
471 848 563 876 debes
584 847 831 885 quadragesimas
844 855 908 883 poe-

126 895 229 923 nitere.
243 905 258 923 »
275 897 339 924 Haec
354 903 463 924 canon.

400 978 580 1003 PARTICULA
601 979 642 1003 ix.

171 1036 207 1060 De
223 1034 377 1066 poenitcntia
393 1035 463 1066 ejus,
480 1034 523 1066 qui
536 1034 612 1058 filiam
628 1040 702 1058 suam
715 1033 873 1065 spiritualem

389 1070 485 1095 carnali
499 1070 551 1094 filio
566 1070 651 1094 tradit.

165 1133 288 1161 Octavus
308 1140 404 1161 canon
429 1133 573 1161 Zachariae
593 1134 621 1161 et
644 1133 803 1161 Deusdedit
829 1136 912 1168 (xxx,

130 1188 159 1216 q.
173 1180 217 1216 111)
230 1188 236 1207 :
254 1189 267 1206 «
277 1181 340 1208 Non
351 1181 467 1216 oportet
474 1179 579 1215 filiam,
588 1188 681 1216 quam
690 1180 726 1208 de
737 1188 821 1207 sacro
832 1179 912 1208 fonte

130 1226 300 1262 susceperit,
316 1226 480 1263 aliquando
495 1227 559 1254 filio
575 1235 629 1255 suo
642 1227 672 1254 in
687 1227 913 1254 matrimonium

130 1273 246 1301 tradere
258 1294 266 1308 ,
283 1273 354 1309 quia
367 1274 399 1301 in
422 1273 525 1302 divina
543 1271 686 1302 sententia
701 1274 835 1309 germani
850 1281 913 1301 esse

129 1321 329 1350 inveniuntur.
354 1322 382 1351 Si
404 1322 471 1358 quis
495 1322 547 1350 tali
562 1322 694 1350 facinore
718 1322 913 1357 commixtus,

129 1369 251 1397 minime
266 1369 447 1397 restrinxerit
466 1369 549 1397 frena
563 1368 688 1397 luxuriae
696 1390 705 1404 ,
728 1369 766 1396 ab
783 1368 914 1397 Ecclesia

131 1417 275 1445 catholica
286 1417 519 1445 abominabitur.
534 1417 587 1445 Sed
603 1417 626 1444 si
638 1425 799 1445 conversus
813 1417 912 1451 fuerit,

131 1465 198 1499 post
221 1463 438 1499 separationem
461 1465 575 1499 sepiem
599 1464 685 1491 annis
707 1464 913 1500 poenitentiam

132 1511 224 1545 gerat.
245 1511 374 1539 consciis
391 1510 480 1538 simul
496 1519 563 1538 cum
581 1513 701 1539 auctore
716 1511 752 1538 sit
767 1512 821 1539 ista
843 1519 914 1539 con-

134 1556 221 1592 ditio,
236 1557 268 1585 id
282 1560 339 1590 est,
355 1557 444 1585 simul
458 1566 526 1585 cum
541 1558 787 1593 cooperatoribus
803 1560 830 1586 et
844 1566 914 1586 con-

134 1604 325 1632 sentientibus
340 1604 488 1641 poeniteat.
502 1614 515 1631 »
533 1606 598 1632 Haec
614 1613 720 1633 canon.

411 1687 591 1711 PARTlCULA
610 1687 640 1711 X.

193 1743 228 1767 De
243 1742 395 1774 poenitentifi
410 1743 473 1774 ejus,
484 1743 532 1803 lqui
548 1743 678 1767 contrahit
691 1750 750 1768 cum
765 1750 860 1774 sponsa

468 1786 482 1803 a
494 1779 581 1803 terius.

171 1841 270 1868 Nonus
285 1848 382 1868 canon
398 1840 510 1875 (Extra.
528 1839 565 1867 de
580 1840 694 1875 Sponsa
706 1839 865 1876 duorum),
881 1848 917 1868 ex

136 1887 317 1922 Burchardo,
331 1887 383 1914 lib.
401 1888 464 1914 XXX
481 1896 488 1914 :
507 1896 519 1911 t<
537 1886 681 1922 Accepisti
700 1886 785 1914 illam
799 1887 829 1914 in
845 1896 917 1916 uxo-

137 1941 200 1961 rem
222 1934 290 1967 tibi,
306 1942 396 1969 quam
421 1934 494 1961 alter
514 1934 660 1962 habuerat
675 1934 731 1962 sibi
756 1935 918 1971 desponsa-

139 1983 213 2014 tam3
234 1980 317 2007 illam
333 1980 460 2015 dimitte,
477 1980 548 2016 quia
568 1989 724 2016 nunquam
746 1984 842 2016 potest
864 1982 918 2010 tibi

138 2027 270 2062 legitima
284 2026 359 2061 ficri,
386 2029 414 2054 et
438 2027 638 2062 quadraginta
660 2028 724 2055 dies
745 2028 777 2055 in
797 2037 874 2064 pane
890 2031 918 2057 et

139 2082 234 2110 aqua,
255 2074 338 2109 quod
360 2073 491 2101 carinam
507 2076 632 2109 vocant,
649 2083 716 2102 cum
740 2078 852 2110 septem
873 2084 918 2103 sc·

139 2121 298 2157 <luentibus
311 2121 395 2148 annis
409 2121 561 2156 poeniteas.
579 2131 592 2148 »
611 2122 673 2149 Haec
689 2129 795 2149 canon.

405 2215 585 2240 PARTICULA
602 2216 645 2239 Xl.

141 2279 177 2304 Dc
195 2279 344 2310 poenitentia
359 2279 437 2309 patris
455 2280 480 2303 et
494 2279 548 2310 filii,
563 2279 605 2302 vel
617 2279 726 2303 duorum
740 2279 846 2303 fratrum
861 2286 918 2303 cum

172 2322 223 2339 una
237 2315 343 2338 muliere
361 2315 585 2339 concumbentium
595 2333 604 2346 ,
620 2317 663 2338 aut
679 2315 700 2338 si
716 2315 771 2345 quis
786 2322 844 2338 cum
863 2322 918 2338 ma-

173 2353 210 2375 tre
231 2353 255 2375 et
276 2351 345 2381 filia,
368 2353 410 2374 aut
433 2358 491 2374 cum
515 2351 612 2375 duabus
630 2351 774 2382 sororibus,
796 2353 839 2375 aut
861 2358 919 2375 cum

173 2387 271 2411 duabus
288 2387 470 2411 commatribus
487 2387 666 2412 concubuerit.

180 2451 314 2479 Decimus
327 2459 424 2479 canon
439 2453 481 2478 est
501 2459 536 2479 ex
558 2452 690 2479 Concilio
707 2452 908 2480 Chalcedon.³

146 2497 223 2531 (xxx,
240 2506 269 2533 q.
286 2498 329 2534 iv)
344 2508 351 2525 :
367 2498 417 2526 «Si
430 2500 515 2534 pater
530 2500 557 2526 et
571 2498 665 2532 filius,
680 2500 730 2526 aut
742 2499 803 2526 duo
818 2499 921 2526 fratres

146 2552 214 2571 cum
229 2552 290 2572 una
303 2545 437 2580 muliere,
454 2547 504 2573 aut
516 2545 540 2572 si
555 2553 623 2572 cum
633 2547 726 2573 matre
742 2548 769 2573 et
782 2545 855 2580 filia,
871 2547 922 2573 aut

147 2598 215 2618 cum
229 2590 347 2619 duabus
368 2592 531 2627 sororibus,
555 2594 605 2620 aut
620 2601 688 2620 cum
707 2592 825 2621 duabus
841 2601 921 2620 com-

180 2655 186 2668 ¹
203 2654 316 2683 Scilicet,
337 2656 364 2678 ut
380 2655 442 2679 boni
458 2656 542 2687 quiete
558 2655 654 2680 vivant.
670 2670 701 2674 -
716 2657 724 2670 ²
744 2656 768 2680 11]
786 2658 834 2686 est,
848 2655 923 2679 muti-

147 2689 223 2715 latus.
238 2703 268 2708 —
283 2690 291 2704 ³
306 2691 333 2714 ln
349 2691 416 2714 Actis
436 2698 493 2722 quae
514 2694 652 2722 supersunt
669 2692 770 2717 concilii
782 2691 922 2717 Chalcedo-

268 2744 344 2767 TOM.
365 2744 435 2767 vm.

1679 225 1737 257 369

958 281 1104 311 matribus
1127 282 1235 320 aliquis
1259 286 1464 324 concubuerit,
1481 289 1647 319 secundum
1665 291 1737 320 anti-

959 336 1051 365 quam
1066 332 1094 358 et
1107 329 1317 361 humaniorem
1332 333 1552 374 diffinitionem,
1567 340 1634 368 octo
1652 339 1738 368 annis

959 376 1107 412 poeniteat.
1124 387 1139 404 »
1152 378 1217 407 Haec
1230 387 1336 409 canon.

1219 445 1400 487 muricum
1418 463 1472 488 ΧΗ.

1093 512 1129 536 De
1147 513 1299 544 poenitentia
1314 516 1455 541 sacerdotis
1468 516 1614 544 homicium.

998 567 1176 598 Undecimus
1201 578 1296 600 canon
1327 572 1411 608 (dist.
1435 573 1481 610 L),
1507 574 1628 602 Joannis
1655 576 1711 604 Vlll
1732 585 1739 604 z

966 623 978 640 κ
993 614 1081 643 Miror
1095 616 1194 645 minus
1209 618 1330 647 doctam
1344 620 1498 649 scientiam
1510 623 1593 650 tuam
1605 623 1741 652 sacerdo-

962 664 1021 691 tem
1028 665 1144 700 putare,
1155 668 1429 704 postperpetratum
1438 669 1646 706 homicidium,
1654 679 1741 708 posse

963 710 994 738 in
1009 712 1176 741 sacerdotio
1193 714 1369 751 ministrare,
1382 716 1442 745 imo
1459 717 1542 753 quod
1553 720 1595 746 est
1605 718 1743 755 ineptius,

964 759 1053 787 nobis
1067 760 1192 789 suadere
1216 762 1306 797 velle,
1322 765 1355 791 ut
1378 764 1435 801 ipsi
1449 765 1500 793 tali
1520 767 1744 803 praesumptioni

963 806 1165 842 proeberemus
1179 817 1342 839 assensum.
1359 812 1428 845 Quis
1448 812 1528 840 enim
1542 815 1603 842 tam
1623 814 1745 842 demens

965 855 1086 891 tamque
1101 857 1233 891 perversi
1249 866 1362 894 sensus,
1385 859 1443 887 tale
1466 860 1540 897 quid
1555 861 1744 897 existimaret,

965 901 1013 929 vel
1019 904 1085 937 post
1092 906 1365 941 quantamcumque
1372 907 1576 942 poenitentiam
1584 909 1746 937 conceden-

967 948 1050 983 dum,
1062 957 1131 977 cum
1143 951 1224 978 omni
1240 951 1276 979 sit
1288 953 1437 981 canonicae
1453 953 1616 991 disciplinae
1632 959 1747 984 contra-

966 994 1063 1024 rium?
1077 997 1167 1025 Debet
1186 1006 1267 1034 ergo,
1283 1000 1449 1029 sacerdotio
1469 1001 1613 1038 privatus,
1628 1003 1747 1040 lachry-

966 1051 1084 1071 marum
1103 1045 1184 1073 fonte
1207 1046 1353 1082 flagitium
1374 1049 1434 1076 tam
1460 1049 1591 1078 immane
1616 1050 1746 1086 diluere,

966 1092 999 1118 ut
1014 1091 1122 1119 talibus
1135 1093 1240 1121 saltem
1249 1095 1389 1123 remediis
1400 1097 1529 1132 curatus,
1541 1096 1643 1125 salutis
1656 1098 1749 1134 possit

967 1137 1100 1167 invenire
1115 1140 1300 1176 suffragium.
1317 1152 1331 1168 ι)
1349 1144 1412 1171 Haec
1428 1151 1536 1172 canon.

1229 1226 1410 1252 l'ARTlCULA
1430 1228 1472 1252 ΧΗ
1479 1229 1496 1252 1.

1000 1279 1036 1303 De
1060 1280 1213 1310 pcenitentia
1234 1282 1368 1314 mulieris,
1392 1291 1449 1315 quae
1473 1285 1566 1310 occidit
1589 1286 1718 1318 ancillam,

1085 1317 1111 1339 et
1125 1316 1156 1340 de
1171 1317 1325 1347 poenitentia
1341 1319 1477 1345 homicidae
1493 1321 1639 1346 voluntarii.

1005 1376 1204 1405 Duodecimus
1215 1386 1311 1407 canon
1324 1380 1400 1416 (dist.
1413 1382 1451 1417 L),
1462 1390 1499 1410 ex
1509 1383 1641 1411 Concilio
1652 1384 1750 1413 Elibe-

969 1421 1065 1451 ritauo
1078 1423 1088 1440 ‘¹
1103 1433 1110 1451 :
1130 1434 1143 1450 «
1160 1425 1188 1453 Si
1207 1434 1268 1462 qua
1282 1426 1402 1463 femina,
1428 1428 1528 1458 furore
1542 1430 1598 1458 zeli
1613 1439 1748 1467 accensa,

968 1468 1095 1505 flagellis
1115 1472 1314 1502 verberaverit
1329 1475 1466 1504 ancillam
1483 1485 1569 1505 suam
1577 1498 1587 1512 ,
1602 1478 1642 1506 ita
1657 1480 1689 1506 ut
1706 1479 1751 1507 in-

968 1515 1013 1544 fra
1023 1517 1139 1545 tertium
1148 1519 1228 1547 diem
1244 1529 1312 1548 cum
1325 1523 1455 1551 cruciatu
1468 1524 1600 1553 animam
1613 1526 1747 1555 emittat:

970 1566 1006 1586 eo
1022 1560 1105 1595 quod
1117 1561 1263 1591 incertum
1276 1563 1313 1591 sit
1327 1572 1365 1592 an
1381 1565 1542 1602 voluntate,
1560 1576 1598 1595 an
1613 1576 1682 1597 casu
1698 1578 1750 1598 oc-

971 1606 1088 1642 ciderit,·
1101 1608 1125 1635 si
1134 1608 1294 1645 voluntate,
1308 1613 1375 1646 post
1385 1614 1499 1649 septem
1513 1621 1623 1650 annos3
1636 1615 1659 1643 si
1670 1624 1751 1652 casu,

969 1655 1037 1689 post
1059 1654 1192 1692 quinque
1218 1664 1366 1686 annorum
1388 1661 1540 1696 tempora,
1563 1664 1628 1690 acta
1655 1664 1751 1699 poeni-

970 1701 1060 1729 tentia
1074 1701 1217 1738 legitima,
1241 1705 1281 1732 ad
1304 1707 1547 1736 communionem
1570 1709 1682 1745 placuit
1700 1711 1752 1739 ad-

970 1751 1055 1779 mitti.
1063 1753 1149 1785 Quod
1156 1753 1178 1780 si
1185 1753 1404 1792 infratempora
1413 1758 1664 1788 constitutafuerit
1672 1761 1751 1789 infir-

970 1801 1060 1833 mata,
1077 1800 1201 1836 accipiat
1216 1803 1493 1833 communionem.»
1507 1807 1571 1834 Haec
1587 1815 1694 1836 canon.
1711 1809 1749 1836 De

971 1846 1080 1874 eodem
1098 1847 1195 1883 (capit.
1208 1850 1294 1885 sess),
1305 1859 1340 1878 ex
1350 1851 1487 1887 capitulis
1497 1853 1609 1881 Martini
1621 1855 1748 1883 Brache-

970 1901 1046 1929 rcn.,
1068 1903 1093 1922 c.
1110 1903 1225 1923 Lxxviu.
1246 1907 1258 1921 «
1274 1897 1301 1924 Si
1321 1898 1387 1934 quis
1402 1899 1554 1928 voluntate
1576 1901 1610 1937 (b)
1625 1902 1750 1930 homici-

972 1940 1056 1968 dium
1068 1942 1258 1978 commiserit,
1271 1944 1442 1980 adjanuam
1455 1947 1606 1976 catholicae
1620 1950 1751 1978 Ecclesiae

971 1996 1088 2024 semper
1095 1989 1201 2024 jaceat,
1208 1992 1236 2017 et
1243 1993 1487 2021 communionem
1494 1994 1525 2021 in
1534 1995 1613 2023 exitu
1620 1996 1685 2024 vitae
1692 2005 1752 2025 suoe

972 2035 1119 2071 suscipiat.
1132 2037 1160 2064 Si
1175 2039 1274 2065 autem
1288 2046 1350 2067 non
1369 2040 1521 2069 voluntate
1547 2043 1594 2078 (b),
1614 2043 1667 2071 sed
1681 2052 1752 2072 casu

972 2082 1073 2118 aliquo
1089 2083 1286 2112 homicidium
1300 2085 1401 2114 fecerit
1406 2108 1416 2122 ,
1430 2087 1512 2123 prior
1527 2097 1624 2117 canon
1639 2093 1751 2127 septem

972 2129 1057 2157 annis
1070 2130 1274 2166 poenitentiam
1284 2140 1371 2167 agere
1378 2134 1464 2169 jussit
1474 2145 1482 2170 ;
1494 2137 1641 2166 secundus
1656 2147 1753 2169 canon

973 2176 1105 2213 quinque
1119 2178 1283 2206 mandavit.
1298 2189 1312 2206 »
1327 2180 1392 2208 flaeo
1406 2189 1514 2210 canon.

1237 2245 1418 2271 PARTlCULA
1434 2248 1500 2273 XIV.

974 2297 1010 2321 De
1025 2297 1176 2328 poenitentia
1190 2305 1237 2329 pro
1251 2299 1391 2325 homicidio
1404 2302 1562 2327 necessitatis
1578 2305 1714 2337 evitabilis,
1728 2310 1753 2332 et

1005 2333 1036 2357 de
1059 2331 1211 2364 poenitentia
1229 2335 1299 2366 ejus,
1323 2337 1366 2367 qui
1391 2337 1485 2362 occidit
1507 2339 1651 2372 latronem,
1675 2345 1699 2367 et
1721 2344 1752 2368 de

1005 2370 1157 2400 poenitentia
1171 2370 1263 2395 intuitu
1279 2372 1418 2404 disciplinae
1434 2375 1584 2408 occidentis,
1596 2378 1636 2402 vel
1646 2378 1752 2410 ligatum

1005 2405 1130 2429 latronem
1147 2406 1329 2433 interficientis.

1011 2458 1120 2486 Tertius
1133 2458 1266 2487 decimus
1285 2469 1381 2489 canon
1398 2462 1480 2496 (dist.
1494 2464 1538 2499 L),
1562 2472 1598 2493 ex
1612 2465 1752 2495 ilerdensi

975 2505 1105 2533 Concilio
1121 2507 1130 2522 ⁵
1147 2515 1154 2534 x
1175 2516 1187 2531 «
1203 2508 1241 2534 De
1257 2507 1302 2535 his
1318 2508 1450 2544 clericis,
1465 2510 1516 2545 qui
1538 2511 1569 2539 in
1588 2512 1753 2542 obsidionis

975 2552 1145 2581 necessitate
1159 2553 1247 2589 positi
1260 2553 1379 2590 fuerint,
1390 2555 1421 2583 id
1437 2558 1578 2586 statutum
1593 2561 1645 2593 est,
1654 2562 1686 2589 ut
1701 2562 1753 2598 qui

975 2619 1062 2644 nensis
1076 2620 1139 2644 nihil
1153 2621 1301 2652 hujusmodi
1314 2625 1383 2648 extat
1398 2626 1575 2651 tractatum.—
1588 2627 1598 2644 ⁴
1613 2628 1686 2654 conc.
1697 2631 1754 2656 Eli-

976 2654 1059 2685 be1·z't.,
1076 2664 1132 2681 cau.
1148 2659 1209 2682 5.—
1223 2659 1234 2675 ὃ
1250 2658 1323 2684 Cone.
1341 2660 1426 2691 Hera,
1442 2668 1464 2685 c.
1480 2668 1535 2687 1.-
1548 2665 1579 2694 (a)
1594 2665 1633 2689 Al.
1651 2673 1752 2695 carena.

977 2704 1006 2709 —-
1022 2692 1055 2723 (h)
1073 2693 1114 2717 Al.
1133 2694 1284 2720 voluntarie.

1596 2749 1636 2780 24
