2004 3037
595 267 645 299 DE
666 265 823 299 CHRISTI
844 265 1118 299 HUMANITATE.
1141 267 1228 300 CAP.
1248 269 1312 301 XX.

160 331 249 368 culpa
277 334 397 362 revocat
418 333 426 350 ¹
449 342 457 361 :
483 334 606 362 Attritus
636 335 675 361 est
697 336 809 369 propter
832 334 930 361 scelera

156 381 258 407 nostra.
274 380 392 408 Reserat
407 379 533 408 coelum²
548 388 555 407 τ
568 379 649 407 Dabis
665 381 764 407 clavem
781 380 881 415 David,
899 379 931 408 id

158 426 215 460 est,
237 434 354 454 crucem
369 447 378 461 ,
401 434 481 462 super
509 426 646 453 humerum
668 426 735 461 ejus.
762 425 929 460 llluminat;

157 471 238 500 unde
254 480 326 500 crux
345 473 387 500 est
405 471 489 507 quasi
508 471 722 500 candelabrum
737 472 929 500 tabernaculi.

158 519 229 546 Item
238 518 420 546 illuminatus
430 519 490 546 est³
500 526 552 554 per
565 517 605 546 fel
620 518 716 554 piscis.
732 520 821 548 Ornat
829 529 837 554 ;
851 518 931 546 unde

160 564 233 592 dixit
254 565 340 593 beata
363 566 458 600 Agnes
478 574 485 592 z
503 573 517 590 ι(
538 566 570 592 Et
589 564 708 600 sanguis
733 565 795 600 ejus
817 565 933 593 ornavit

160 618 250 646 genas
264 619 356 639 meas.
371 621 384 637 »
401 610 529 639 Christus
543 611 680 647 passione
704 619 758 639 sua
778 611 848 639 vicit
871 611 933 639 dia-

159 657 279 693 bolum,
293 665 383 694 quem
398 657 502 693 ligavit
512 667 520 693 5
537 657 699 692 infernum,
716 665 806 694 quem
825 657 934 694 spolia-

160 703 217 739 vit,
233 706 368 739 mortem,
385 712 477 740 quam
490 704 653 740 superavit3
669 704 826 739 mundum,
843 713 934 740 quem

160 751 333 787 contempsit
339 761 347 787 ;
363 751 554 788 supplicium,
569 751 652 788 quod
667 751 786 788 pertulit
792 761 799 787 3
814 752 932 788 coelum,

160 797 243 834 quod
259 798 384 834 aperuit.

195 844 293 872 Passio
312 844 415 872 Christi
428 844 503 872 tolh't
517 846 630 881 septem
646 845 683 881 (ιι)
699 845 769 873 vitia
786 845 933 881 capitalia.

159 890 245 919 Tollit
270 891 349 918 enim
368 891 539 927 superbiam
561 891 663 928 capitis
686 891 837 919 inclinatio
852 912 861 926 ,
882 899 935 927 per

161 945 253 973 quam
267 937 425 965 videbatur
444 937 561 965 titulum
584 937 677 966 crucis
692 937 792 973 fugere
805 959 813 972 ,
829 937 860 965 in
875 945 935 974 quo

161 983 302 1020 scriptum
318 984 398 1012 erat⁶
415 993 421 1011 :
438 985 495 1011 Rex
508 984 681 1017 Judaeorum;
697 984 851 1019 invidiam,
868 984 936 1012 bra-

161 1030 296 1058 chiorum
317 1031 447 1058 extensio
462 1053 471 1066 ,
495 1031 579 1067 quasi
602 1031 642 1058 ad
665 1031 836 1067 amplexum
858 1031 933 1058 invi-

161 1078 226 1105 tans
237 1087 245 1112 ;
262 1076 416 1105 avaritiam
430 1098 440 1112 ,
464 1077 627 1105 multorum
652 1077 799 1112 erogatio,
818 1085 885 1113 quae
905 1077 936 1105 in

160 1123 296 1159 passione
321 1123 450 1152 tradidit.
476 1124 641 1152 Bernardus
658 1133 664 1151 :
684 1135 697 1150 «
718 1123 816 1159 Disce,
842 1124 936 1152 Chris-

160 1169 254 1204 tiane,
268 1172 412 1206 quantum
427 1170 537 1198 debeas
553 1170 676 1205 diligere
699 1170 861 1205 Christum,
885 1170 935 1206 qui

161 1216 243 1244 dedit
257 1216 344 1244 nobis
360 1225 480 1245 carnem
496 1224 580 1250 suam
592 1217 623 1244 in
638 1217 749 1251 cibum,
761 1217 936 1252 sanguinem

161 1271 248 1291 suum
262 1262 292 1290 in
312 1265 431 1299 potum,
452 1263 583 1291 animam
605 1263 636 1291 in
660 1263 809 1299 pretium,
825 1271 935 1299 aquam

160 1309 258 1338 lateris
286 1310 317 1338 in
344 1310 496 1338 lavacrum
516 1331 526 1344 ,
551 1312 664 1338 vestem
692 1310 916 1338 crucifixoribus
927 1331 936 1344 ,

161 1364 269 1392 corpus
289 1356 455 1392 discipulis,
471 1359 596 1384 matrem
614 1356 729 1384 Joanni.
746 1366 759 1382 n
777 1356 916 1384 Acediam
927 1377 936 1391 ,

160 1403 306 1432 festinatio
321 1404 360 1432 ad
379 1404 549 1440 passionem
561 1414 569 1439 3
585 1404 675 1438 iram,
696 1403 793 1431 mollis
812 1411 936 1439 respon—

162 1450 224 1485 sio3
242 1451 361 1486 gulam,
376 1450 452 1478 fellis
477 1453 504 1478 et
526 1450 599 1478 aceti
618 1450 751 1486 potatio,
767 1450 916 1478 luxuriam
928 1470 936 1483 ,

162 1496 260 1525 lateris
274 1497 451 1524 vulneratio.

199 1545 230 1571 In
243 1543 449 1579 redemptione
472 1545 574 1570 nostra
592 1542 646 1569 suit
671 1542 764 1578 gratia
782 1543 935 1570 mirabilis.

164 1589 276 1624 Primo,
293 1598 328 1617 ex
342 1591 424 1625 parte
439 1589 557 1623 motivi,
573 1589 644 1624 quia
659 1589 784 1617 charitas
801 1589 850 1617 Dei
865 1590 938 1617 vidit

164 1636 248 1673 quod
256 1644 309 1663 nec
317 1643 371 1672 per
378 1635 500 1669 amicos,
508 1643 562 1662 nec
570 1643 623 1670 per
630 1635 757 1670 pretium
768 1638 938 1671 poteramus

165 1692 219 1712 nos
239 1682 386 1711 redimere
403 1691 409 1709 z
425 1683 583 1718 propterea
608 1681 729 1709 fratrem
752 1683 888 1709 nostrum
907 1690 938 1710 se

164 1730 244 1764 fecit,
258 1730 391 1757 nostram
405 1730 542 1756 naturam
556 1728 752 1763 assumend03
770 1730 797 1756 et
810 1728 938 1764 pretium

166 1777 260 1811 dedit,
281 1775 457 1811 sanguinem
480 1783 567 1802 suum
586 1783 641 1810 pro
665 1775 753 1802 nobis
773 1775 938 1803 fundendo.

165 1823 285 1851 ⁵Redime
299 1830 349 1857 me,
364 1824 475 1849 Domine
482 1842 491 1856 ,
502 1824 526 1849 et
538 1823 662 1848 miserere
672 1823 735 1854 mei,
748 1823 814 1856 quia
832 1824 939 1856 unicus,

167 1869 198 1897 id
212 1871 254 1897 est
268 1877 329 1896 non
343 1868 458 1896 habens
472 1867 594 1901 amieos,
608 1871 632 1895 et
645 1876 761 1902 pauper,
776 1868 807 1895 id
823 1870 865 1896 est
879 1877 940 1896 non

166 1915 280 1943 habens
300 1915 447 1950 pretium,
472 1923 530 1941 sum
551 1922 606 1948 eqo.
632 1913 783 1949 Secundo,
806 1923 839 1942 ex
857 1917 940 1951 parte

167 1961 356 1995 redimentis,
381 1961 432 1996 qui
454 1969 522 1988 cum
551 1960 678 1988 liberare
701 1969 756 1988 nos
782 1963 882 1996 posset
905 1970 941 1989 ex

169 2007 309 2044 potentia,
324 2007 391 2034 fecit
404 2007 462 2034 hoc
472 2007 570 2042 potius
581 2015 615 2034 ex
627 2007 841 2042 misericordia,
857 2010 888 2035 ut
903 2008 941 2035 ad

170 2061 303 2081 amorem
316 2061 402 2080 suum
416 2061 471 2080 nos
486 2053 691 2088 adstringeret,
709 2056 735 2081 et
752 2054 870 2088 justitiae
884 2063 943 2082 suae

170 2099 357 2128 satisfaceret.
373 2099 482 2133 Tertio,
498 2107 534 2126 ex
548 2101 630 2134 parte
644 2100 806 2135 redempti,
823 2101 874 2136 qui
890 2109 943 2136 op-

170 2147 353 2184 primebatur
368 2147 525 2174 criminum
540 2147 677 2174 servitute
688 2168 697 2181 ,
717 2148 744 2174 et
759 2147 944 2176 detinebatur

172 2195 202 2222 in
217 2202 343 2222 carcere.
354 2186 423 2221 'Sed
441 2195 544 2221 contra
563 2193 709 2228 primum,
725 2201 868 2228 magnum
884 2196 946 2221 erat

172 2240 255 2277 quod
269 2240 357 2267 Filius
373 2247 475 2267 servus
493 2239 589 2273 fieret,
607 2241 634 2267 et
648 2247 750 2266 servus
764 2240 847 2268 fieret
859 2240 943 2268 liber.

172 2288 279 2314 Contra
298 2286 476 2320 secundum,
496 2294 640 2321 magnum
662 2286 715 2313 suit
739 2286 821 2322 quod
846 2288 945 2314 Domi-

173 2341 228 2361 nus
242 2333 282 2360 ad
301 2341 449 2361 carcerem
466 2332 552 2359 limbi
573 2333 782 2367 descenderet,
801 2335 832 2360 ut
846 2342 947 2361 servus

175 2379 274 2406 exiens
302 2379 411 2406 coelum
438 2379 617 2406 ascenderet.
648 2380 774 2413 Quarto,
803 2387 839 2406 ex
865 2382 948 2415 parte

173 2425 305 2459 justitiae,
322 2424 393 2460 quia
411 2424 495 2452 nulla
512 2424 623 2459 justitia
647 2424 795 2460 dictabat,
813 2428 844 2453 ut
864 2426 948 2453 inno-

177 2479 245 2498 cens
258 2471 411 2507 puniretur
422 2479 477 2507 pro
492 2479 554 2499 reo.
571 2471 693 2506 Quinto,
708 2480 745 2500 ex
759 2474 841 2508 parte
856 2472 949 2500 excel-

177 2517 271 2545 lentiae
289 2517 413 2551 divinae,
429 2517 500 2552 quia
513 2517 623 2545 mirum
645 2520 722 2553 erat,
742 2518 827 2554 quod
841 2519 950 2554 impre-

179 2562 277 2591 tiabile
303 2564 471 2600 ponebatur
501 2564 556 2592 sub
584 2564 677 2600 pretio
705 2564 772 2592 vilis
799 2567 948 2593 creaturae.

179 2609 278 2644 sexto,
294 2618 331 2637 ex
345 2613 427 2646 parte
440 2611 527 2647 pretii
543 2611 604 2639 dati
620 2620 627 2637 :
643 2610 667 2637 si
686 2610 766 2638 enim
780 2611 952 2639 redemisset

213 2673 218 2687 ¹
236 2673 294 2703 Isa„
311 2679 367 2704 mn,
383 2675 405 2699 5.
423 2687 454 2692 —
468 2675 477 2689 ²
494 2675 621 2705 mamm,
636 2675 675 2699 22.
694 2687 725 2692 —
741 2674 752 2690 ⁵
771 2674 838 2705 Tot„
858 2681 894 2705 xv,
915 2676 950 2699 13.

180 2721 211 2727 —-
223 2708 231 2721 ⁴
247 2708 349 2737 Manli„
365 2715 448 2740 xxvii,
463 2711 502 2734 37.
515 2723 545 2727 ——
563 2711 571 2724 ⁵
586 2710 654 2734 Psal.
671 2716 730 2740 xxv,
749 2712 787 2733 11.
806 2724 835 2729 —
849 2711 859 2724 ὅ
870 2711 950 2739 Joan..

1702 275 1760 304 163

985 340 1040 361 nos
1055 333 1170 369 solum,
1186 335 1284 364 adhuc
1303 336 1342 364 ad
1358 337 1466 372 gratias
1480 339 1665 375 teneremur;
1682 347 1761 369 nunc

986 381 1086 408 autem
1100 381 1226 409 redemit
1241 390 1295 410 nos
1311 382 1427 418 anima,
1443 392 1584 420 corpore,
1598 387 1626 413 et
1640 385 1714 421 vita,
1730 389 1762 415 ut

986 426 1061 454 nihil
1075 427 1182 456 horum
1197 428 1255 456 sibi
1269 428 1520 458 subtraheremus.

1022 472 1104 501 Circa
1123 474 1293 509 passionem
1312 476 1427 503 Domini
1447 479 1517 504 nota
1538 480 1650 513 septem
1665 479 1763 507 suavi-

988 520 1070 553 tates,
1086 519 1213 548 scilicct:
1231 522 1256 548 1.
1273 521 1376 557 capitis
1387 521 1610 551 inclinationem
1626 525 1664 552 ad
1677 533 1762 553 oscu-

987 564 1065 600 lum,
1080 565 1111 593 in
1126 566 1243 601 signum
1258 569 1365 595 nostrae
1378 569 1638 605 reconciliationis;
1654 573 1679 599 2.
1697 572 1763 600 hra-

988 611 1123 639 chiorum
1139 613 1341 641 extensionem
1355 614 1394 642 ad
1407 615 1590 651 amplexum,
1601 617 1631 644 in
1646 618 1763 652 signum

988 658 1165 694 receptionis
1189 659 1220 687 in
1244 661 1370 695 gratiam
1393 661 1430 689 de
1450 664 1571 698 peccato
1595 664 1762 699 redeuntis3

989 705 1015 731 3.
1032 704 1130 732 lateris
1146 706 1344 742 apertionem,
1364 710 1485 744 propter
1504 709 1680 738 effusionem
1700 719 1763 746 pre-

990 750 1020 778 tii
1044 753 1151 779 nostroe
1174 753 1387 789 redemptionis
1413 756 1440 782 et
1464 755 1623 784 ablutionis
1643 766 1650 784 :
1671 759 1765 785 Eoetvit

991 797 1070 825 enim
1082 799 1092 815 ⁶
1104 801 1216 834 sanquis
1230 802 1255 827 et
1269 809 1356 835 amca,-
1373 804 1396 829 4.
1416 802 1569 830 clavorum
1581 803 1612 831 in
1627 805 1766 833 manibus

990 846 1017 872 et
1031 844 1160 880 pedibus
1174 846 1361 882 infixionem,
1373 851 1494 885 propter
1508 851 1685 879 memoriam
1699 860 1767 880 nos-

991 892 1041 918 trae
1055 892 1303 921 recordationis⁷:
1319 895 1345 923 N
1348 896 1460 930 nmquid
1475 897 1596 924 oblivisci
1607 900 1694 932 polest
1709 907 1766 926 mu-

991 937 1042 964 lier
1056 939 1188 971 infantem
1202 942 1301 967 suum?
1318 942 1344 968 5.
1362 943 1495 977 corporis
1515 943 1766 980 denudationem,

992 984 1022 1011 in
1037 985 1207 1021 exemplum
1228 989 1333 1015 nostrae
1357 988 1563 1024 consessionis,
1579 999 1646 1026 quae
1660 991 1768 1021 scilicet

993 1030 1080 1058 debet
1105 1040 1166 1059 esse
1189 1033 1272 1061 nuda
1290 1043 1297 1068 3
1323 1036 1348 1061 6.
1377 1035 1470 1063 crucis
1492 1037 1711 1074 portationem,
1737 1039 1767 1067 in

992 1077 1163 1113 exemplum
1183 1081 1290 1107 nostrae
1310 1081 1500 1117 imitationis3
1520 1086 1546 1110 7.
1570 1091 1686 1112 coronae
1709 1085 1767 1121 spi-

992 1130 1054 1150 neae
1070 1123 1301 1161 impositionem,
1311 1126 1342 1154 in
1355 1127 1482 1163 figuram
1497 1132 1603 1158 nostrae
1617 1131 1766 1166 glorifica-

991 1170 1089 1198 tionis.

1028 1218 1066 1244 De
1082 1217 1187 1245 effectu
1204 1220 1350 1254 passionis
1365 1222 1498 1257 Domini,
1515 1223 1555 1251 ait
1569 1224 1746 1259 Augustinus
1759 1235 1766 1253 ι

997 1272 1009 1288 (ι
1022 1265 1076 1291 Per
1094 1264 1291 1301 redemptoris
1315 1268 1407 1295 nostri
1430 1271 1555 1297 mortem
1580 1270 1616 1297 de
1640 1271 1768 1299 tenebris

993 1310 1032 1337 ad
1047 1310 1160 1344 lucem,
1176 1311 1213 1339 de
1228 1314 1322 1341 morte
1346 1314 1384 1341 ad
1400 1314 1507 1350 vitam,
1523 1316 1560 1343 de
1580 1317 1768 1353 corruptione

993 1356 1033 1383 ad
1051 1356 1304 1394 incorruptionem
1317 1381 1326 1395 ‚
1347 1360 1384 1388 de
1406 1361 1494 1389 exilio
1517 1363 1556 1390 ad
1576 1364 1717 1399 patriam,
1731 1365 1768 1392 de

992 1402 1073 1430 luctu
1097 1404 1135 1431 ad
1157 1405 1321 1440 gaudium,
1341 1406 1377 1434 de
1400 1408 1482 1435 terris
1502 1409 1541 1436 ad
1566 1410 1681 1438 coeleste
1705 1419 1768 1447 reg-

993 1457 1066 1477 num
1092 1451 1189 1478 vocati
1211 1460 1323 1480 sumus.
1353 1463 1366 1479 n
1396 1455 1465 1481 Item
1494 1455 1564 1483 dicit
1591 1458 1769 1492 Augustinus

994 1496 1077 1530 quod
1092 1497 1219 1525 Christus
1234 1497 1288 1526 fuit
1302 1499 1455 1535 sacerdos,
1474 1509 1528 1536 per
1554 1511 1644 1538 quem
1666 1512 1769 1532 recon-

995 1541 1082 1569 ciliati
1104 1551 1225 1578 sumus3
1242 1544 1296 1571 fuit
1318 1546 1477 1581 templum,
1505 1547 1534 1574 in
1556 1556 1617 1584 quo
1642 1551 1769 1578 reconci-

994 1588 1056 1616 liati
1071 1597 1192 1624 sumus;
1209 1590 1263 1618 fuit
1283 1592 1377 1627 Deus,
1394 1593 1441 1620 cui
1462 1595 1641 1623 reconciliati
1657 1604 1768 1625 sumuS.

1030 1635 1158 1663 Christus
1176 1636 1229 1665 fuit
1242 1637 1389 1666 mediator
1407 1640 1510 1675 populi
1523 1641 1636 1676 judaici
1659 1645 1688 1670 et
1701 1652 1770 1679 gen-

994 1682 1067 1717 tilis,
1083 1685 1111 1710 et
1135 1683 1300 1711 secundum
1323 1685 1380 1712 hoc
1406 1686 1511 1714 dicitur
1531 1689 1603 1723 lapis
1617 1691 1768 1724 angularis.

995 1730 1066 1756 Item
1079 1729 1237 1757 hominum
1253 1733 1280 1758 et
1294 1732 1486 1766 angelorum5
1498 1736 1525 1761 et
1534 1736 1699 1763 secundum
1712 1737 1770 1765 hoc

997 1775 1103 1803 dicitur
1124 1778 1260 1811 pacificus.
1285 1779 1356 1805 Item
1379 1779 1427 1806 Dei
1452 1782 1480 1807 et
1499 1781 1673 1817 hominum3
1689 1785 1715 1810 et
1729 1792 1772 1811 se-

997 1822 1129 1849 cundum
1154 1822 1210 1850 hoc
1235 1823 1341 1851 dicitur
1364 1826 1534 1861 Redemptor.
1558 1829 1723 1856 Bernardus
1737 1831 1771 1858 ⁸:

1000 1878 1014 1893 «
1028 1868 1104 1901 Quid
1118 1868 1195 1896 ultra
1210 1869 1312 1897 debuit
1326 1870 1437 1905 facere,
1453 1875 1480 1899 et
1494 1881 1556 1901 non
1573 1874 1660 1902 t'ecit‘?
1673 1876 1773 1904 Absol-

997 1914 1038 1941 vit
1054 1915 1200 1949 vinetum,
1216 1915 1396 1944 illuminavit
1415 1926 1540 1954 cascum,
1556 1921 1674 1949 reduxit
1692 1930 1773 1950 erro-

998 1968 1103 1995 neum,
1124 1962 1324 1989 reconciliavit
1338 1971 1432 1991 reum.
1450 1975 1462 1990 »
1481 1967 1551 1993 ltem
1571 1969 1749 2002 Augustinus
1765 1979 1772 1998 ι

1001 2017 1016 2033 ι(
1031 2009 1102 2035 Ecce
1116 2016 1171 2043 pro
1193 2008 1285 2044 impio
1308 2009 1401 2044 pietas
1417 2011 1582 2046 flagellatur
1592 2034 1600 2047 ,
1616 2022 1670 2049 pro
1685 2016 1773 2045 stulto

1000 2055 1143 2089 sapientia
1157 2054 1306 2089 illuditur,
1320 2064 1375 2091 pro
1397 2058 1540 2086 mendace
1563 2060 1668 2087 veritas
1687 2069 1775 2097 nega-

1000 2102 1058 2134 tur,
1074 2108 1128 2135 pro
1143 2101 1245 2136 iniquo
1267 2101 1425 2130 damnatur
1441 2104 1570 2139 justitia,
1591 2114 1647 2141 pro
1662 2108 1774 2137 crudeli

1001 2147 1205 2174 misericordia
1229 2148 1387 2182 affligitur,
1413 2158 1467 2185 pro
1491 2151 1599 2180 misero
1622 2155 1776 2184 miserator

1001 2193 1169 2229 repellitur,
1186 2194 1335 2222 sinceritas
1351 2199 1434 2223 aceto
1454 2198 1632 2234 inebriatur,
1648 2201 1776 2231 dulcedo

1002 2239 1069 2267 felle
1084 2240 1275 2276 amaricatur,
1292 2250 1346 2277 pro
1359 2245 1477 2271 mortuo
1494 2245 1552 2272 vita
1565 2247 1700 2276 moritur.

1039 2286 1166 2314 Christus
1197 2295 1252 2322 pro
1285 2290 1386 2316 nostra
1417 2290 1585 2320 infirmitate
1614 2295 1778 2323 medicinas

1004 2332 1116 2369 accepit
1139 2333 1170 2360 in
1191 2341 1231 2361 se.
1252 2335 1369 2363 Curavit
1391 2336 1470 2363 enim
1491 2346 1546 2365 nos
1567 2347 1620 2374 per
1640 2341 1777 2376 diaetam,

1005 2380 1127 2415 quando
1143 2381 1301 2416 ⁹J‘ejunavz't
1321 2383 1508 2417 quadraginta
1528 2385 1639 2421 diebus,
1656 2390 1710 2415 etc.
1728 2390 1780 2416 Per

1005 2426 1160 2461 sudorem,
1177 2427 1300 2463 quando
1318 2429 1338 2445 ¹⁰
1357 2430 1446 2461 factus
1470 2433 1508 2457 est
1531 2433 1614 2459 sudor
1636 2434 1692 2467 ejus
1711 2436 1781 2461 sicut
1826 2430 1828 2432 ’

1006 2476 1091 2507 quttae
1105 2475 1258 2508 sanyuz'nz's.
1275 2475 1328 2501 Per
1348 2475 1561 2511 minutionem,
1583 2479 1704 2514 quando
1727 2479 1782 2508 fuit

1007 2519 1098 2546 clavis
1121 2521 1150 2547 et
1181 2520 1282 2548 lancea
1319 2520 1499 2549 vulneratus,
1529 2525 1581 2551 Per
1607 2525 1761 2560 potionem
1772 2547 1780 2560 ‚

1008 2565 1130 2601 quando
1150 2565 1277 2601 gustavit
1294 2566 1312 2583 ¹¹
1327 2569 1442 2596 acetum
1465 2577 1534 2597 cum
1554 2569 1621 2598 felle
1644 2571 1781 2601 mixtum.

1010 2645 1070 2670 xlx,
1093 2641 1132 2664 34.
1153 2654 1184 2659 —
1203 2642 1210 2654 ⁷
1230 2642 1289 2670 Isti„
1309 2647 1387 2672 xmx,
1410 2645 1446 2667 15.
1469 2656 1498 2661 —
1519 2644 1527 2657 ⁸
1545 2645 1632 2674 Bern„
1654 2646 1680 2670 ιή
1699 2646 1782 2678 Cant„

1010 2683 1084 2700 serm.
1107 2682 1177 2707 xxxi,
1200 2677 1267 2701 eirca
1287 2677 1330 2702 fin.
1348 2691 1377 2696 —-
1397 2680 1406 2693 ⁰
1424 2679 1523 2709 illatlh„
1540 2686 1575 2709 iv,
1591 2682 1614 2704 ἓ.
1632 2695 1658 2698 -
1679 2682 1697 2696 ¹·
1716 2682 1783 2713 Luc„

1010 2717 1076 2743 xxn,
1091 2714 1130 2736 44.
1141 2727 1170 2731 —
1184 2713 1201 2728 ¹¹
1214 2713 1281 2742 Luc„
1296 2719 1370 2744 xxm,
1388 2716 1426 2738 36.
1439 2728 1468 2732 —
1479 2715 1513 2745 (u)
1526 2716 1658 2741 Elz‘t.Vc·n.
1670 2725 1779 2749 semper.
