2004 3037
728 162 862 200 BIBLIA
883 162 1114 196 PAUPERUM.
1137 162 1224 195 CAP.
1250 161 1274 194 Ι.

196 234 236 263 De
250 232 411 262 Sobrietate
424 234 452 261 et
465 232 658 270 abstinentia,
671 239 737 269 cap.
752 239 877 261 uxxvu.

197 281 236 308 De
250 280 392 308 societate
407 280 574 316 bonorum,
589 287 655 316 cap.
670 287 747 308 cxix.

197 328 236 356 De
251 327 391 355 Societate
405 327 566 362 malorum,
581 325 646 364 capss
663 334 729 356 cxx.

199 375 237 402 De
252 375 307 410 Spe
320 377 349 402 et
359 374 593 410 longanimitate,
609 382 674 411 cap.
688 381 796 402 xxxvu.

198 421 237 448 De
252 420 407 457 Spiritibus
421 421 517 456 malis,
533 429 598 458 cap.
614 428 705 450 xxxu.

198 468 237 496 De
251 468 402 504 Stragibus
415 468 572 496 hominum
587 468 710 497 diversis
716 488 725 503 ,
740 475 806 503 cap.
823 474 937 496 LXXXVh

199 516 238 544 De
251 516 424 544 strenuitate
440 519 467 544 et
479 515 662 551 fortitudine,
677 523 741 552 cap.
758 523 865 544 Lxxvu.

198 563 237 591 De
250 562 438 600 Stultiloquio
452 563 624 599 mulierum,
639 570 704 600 cap.
721 570 818 592 cxxix.

199 611 238 638 De
253 609 407 646 Superbia,
423 617 489 646 cap.
504 617 603 639 xcvur.

199 657 238 685 De
252 656 406 693 Superfluo
421 659 528 685 ornatu
541 656 713 692 mulierum,
728 664 793 693 cap.
811 664 896 686 cxxx.

200 704 238 731 De
252 703 423 740 Suspicione
437 706 465 732 et
478 703 553 733 falsa
567 703 748 740 credulitate,
765 711 831 740 cap.
846 712 914 733 nvn.

574 781 601 814 T

200 845 286 879 Quod
301 847 376 873 Deus
389 847 488 874 Tentat
499 845 646 880 homines,
660 847 688 875 et
701 845 820 882 probat,
836 853 902 882 cap.
915 854 977 874 xlll-

201 892 286 926 Quod
298 892 390 920 homo
405 901 466 921 non
481 893 571 921 debet
585 894 706 921 Tentare
722 894 824 926 Deum,
837 900 905 929 cap.
917 901 976 921 xrv.

201 940 240 967 De
254 939 422 968 Tentatione
436 940 560 976 diaboli,
575 948 639 977 cap.
657 948 712 968 etv.

1748 163 1807 193 487

1027 231 1067 259 De
1080 230 1197 259 Timore
1212 230 1273 266 Dei,
1288 237 1354 267 cap.
1367 237 1488 259 xxxviii.

1028 278 1066 306 De
1080 277 1195 306 Timore
1210 285 1271 314 quo
1283 277 1355 305 mali
1369 276 1471 306 timent
1484 276 1592 313 bonos,
1605 284 1671 314 cap.
1686 284 1786 307 xxxix.

1029 325 1067 352 De
1081 324 1344 360 Tribulationibus,
1359 331 1424 360 cap.
1441 332 1496 352 cxi.

1030 372 1068 399 De
1082 373 1288 407 Tyrannorum
1301 370 1444 408 nequitia,
1460 379 1526 408 cap.
1543 379 1600 400 cix.

1404 447 1434 481 U

1030 515 1070 543 De
1083 513 1195 542 Unitate
1210 515 1238 542 et
1252 513 1404 542 communi
1420 521 1577 549 consensu,
1592 521 1658 550 cap.
1674 522 1753 543 xm.

1410 591 1440 626 V

1030 658 1069 685 De
1083 656 1170 684 Verbi
1184 656 1235 684 Dei
1249 655 1472 693 praedieatione,
1489 664 1554 693 cap.
1570 664 1660 686 xxvu.

1030 703 1116 738 Quod
1131 703 1240 732 Veritas
1255 703 1360 732 odium
1373 703 1465 740 parit,
1481 711 1545 741 cap.
1562 712 1638 733 mm.

1033 751 1071 778 De
1085 752 1170 786 Voto,
1186 758 1251 786 cap.
1270 757 1318 778 xv.

1410 820 1434 854 Z

1034 894 1073 921 De
1088 892 1154 920 Zelo
1169 892 1251 920 bono
1266 893 1368 920 contra
1382 894 1563 929 peccatores,
1577 900 1642 930 cap.
1659 901 1696 922 u.

1034 940 1074 967 De
1088 939 1155 968 Zelo
1170 938 1342 973 indiscreto,
1359 947 1425 976 cap.
1441 947 1489 968 Lu.

414 1129 557 1164 CAPUT
582 1129 766 1163 PRIMUM.

307 1204 345 1230 De
362 1203 502 1230 miraculis
522 1203 618 1230 divina
634 1202 759 1237 potentia
778 1202 874 1235 factis.

240 1272 353 1300 Creatio
376 1280 476 1300 rerum
497 1272 550 1300 suit
568 1272 608 1300 ita
629 1271 790 1307 mirabilis,
815 1271 900 1308 quod
918 1271 982 1307 ejus

205 1319 308 1347 notitia
314 1327 376 1347 non
386 1319 442 1347 nisi
449 1328 503 1356 per
510 1319 720 1348 revelationem
727 1319 828 1347 venire
838 1318 934 1355 potuit
943 1318 982 1347 ad

204 1367 367 1395 hominem.
384 1369 457 1395 Nam
471 1367 637 1395 secundum
655 1368 777 1396 beatum
792 1367 983 1403 Gregorium,

205 1422 285 1449 super
299 1415 477 1450 Ezechielem,
494 1415 600 1442 Homii.
617 1423 639 1450 1,
659 1425 672 1440 «
688 1417 725 1442 De
745 1414 897 1451 praeteritis
912 1422 983 1450 pro-

206 1461 336 1497 phetavit
350 1463 463 1498 Moyses
481 1462 582 1490 dieens
598 1471 605 1489 :
627 1463 681 1490 «ln
704 1462 851 1498 principio
875 1461 985 1490 creavit

207 1500 280 1536 Deus
296 1508 403 1536 coelum
420 1511 447 1537 et
470 1511 592 1540 terram,
606 1519 618 1535 n
648 1509 770 1544 Genesis,
785 1518 813 1545 ¹3
833 1517 894 1537 non
913 1509 986 1545 quia

206 1556 342 1591 praedixit
356 1556 468 1591 futura,
482 1556 535 1584 sed
550 1557 620 1592 quia
634 1556 768 1592 prodidit
782 1557 907 1584 occulta.
921 1566 935 1583 »

242 1605 385 1639 Tempore
407 1603 511 1631 diluvii
532 1603 658 1631 salvavit
678 1603 819 1631 Dominus
838 1605 898 1631 Noe
917 1611 986 1632 cum

207 1658 314 1684 uxore,
330 1653 358 1678 et
378 1650 471 1678 tribus
486 1650 554 1678 filiis
573 1650 647 1685 suis,
665 1652 692 1678 et
706 1651 849 1678 uxoribus
869 1659 984 1679 eorum.

207 1699 278 1725 Item
296 1697 420 1725 dicitur:
439 1706 453 1723 ‹<
473 1698 511 1725 De
533 1697 644 1725 eunctis
668 1697 848 1725 animalibus
867 1706 986 1726 mascu-

206 1743 271 1772 lum
292 1746 320 1772 et
348 1743 503 1772 foeminam
530 1743 597 1772 feeit
618 1745 729 1772 servari
752 1752 806 1780 per
833 1752 943 1773 arcam.
968 1755 982 1772 n

209 1791 314 1823 Gems„
334 1799 384 1818 vu.

243 1838 504 1874 Praesumptionem
525 1837 681 1866 hominum
703 1838 807 1866 turrim
827 1846 923 1875 usque
945 1839 985 1867 ad

208 1885 316 1912 coelum
333 1884 480 1912 aedificare
502 1885 665 1912 volentium
685 1885 824 1921 repressit
843 1885 986 1914 Dominus

208 1931 420 1959 confundendo
433 1931 551 1966 linguas
565 1940 677 1959 eorum.
697 1932 804 1966 Genes„
818 1939 857 1961 xi.

244 1978 412 2006 Mirabiliter
430 1980 515 2006 natus
531 1981 572 2005 est
586 1979 676 2006 isaac.
693 1979 796 2013 Genea,
812 1988 873 2007 xxl.

244 2026 315 2053 Item
329 2025 502 2052 mirabiliter
516 2024 666 2059 liberatum
678 2026 800 2061 quando
814 2026 917 2054 debuit
932 2027 984 2055 im-

208 2072 324 2106 molari,
338 2074 365 2100 et
375 2072 513 2107 apparuit
523 2071 596 2099 aries
608 2071 805 2108 intervepres,
819 2073 894 2107 Gen.³
912 2081 984 2102 xxu.

243 2118 330 2146 Multa
354 2119 497 2146 miracula
518 2118 584 2146 fecit
609 2118 748 2146 Dominus
773 2127 826 2155 per
850 2120 984 2156 Moysen,

208 2165 330 2202 quando
346 2165 440 2192 voluit
453 2165 531 2192 filios
551 2165 638 2193 Israel
653 2165 778 2193 educere
793 2165 830 2193 de
845 2167 983 2202 AEgypto,

208 2213 307 2244 Emori„
323 2221 372 2247 vu,
388 2220 448 2247 vm,
465 2220 494 2240 ix
509 2214 536 2240 et
550 2221 578 2240 x.

244 2258 358 2287 Grande
377 2259 555 2287 miraculum
573 2258 641 2294 fuit',
660 2259 743 2295 quod
763 2267 918 2296 nunquam
933 2260 985 2288 de-

208 2306 262 2334 fuit
277 2306 416 2334 columna
430 2306 517 2333 nubis
528 2315 580 2342 per
592 2306 681 2341 diem,
691 2314 745 2334 neo
756 2307 896 2335 columna
908 2307 986 2342 ignis

209 2361 262 2390 per
277 2356 393 2381 noctem
408 2362 508 2381 coram
523 2354 635 2390 populo
651 2357 737 2382 eunte
753 2354 789 2381 de
805 2355 931 2390 AEgypto
947 2354 986 2383 ad

208 2401 316 2428 terram
331 2400 546 2436 promissionis,
560 2401 656 2436 licead„
670 2409 732 2428 xm.

244 2448 297 2474 Per
316 2447 432 2482 lignum
452 2447 540 2483 Moysi
564 2449 716 2475 ostensum
736 2447 898 2476 dulcoratae
917 2450 986 2477 sunt

208 2500 292 2528 aquae
307 2494 388 2529 prius
403 2502 525 2528 amarae,
542 2495 641 2529 Exod„
657 2503 703 2522 xv.

244 2539 316 2567 Misit
338 2540 479 2568 Dominus
501 2542 697 2569 murmuranti
722 2541 838 2578 populo
857 2542 986 2570 coturni-

209 2593 271 2620 οὓς,
287 2588 315 2614 et
334 2588 437 2622 postea
458 2587 533 2623 pluit
546 2587 604 2615 illis
619 2596 728 2617 manna
743 2589 783 2617 ad
803 2588 985 2617 manducan-

210 2631 296 2668 dum,
312 2633 411 2668 Emod„
423 2642 482 2662 xv1.

1070 1130 1142 1157 Item
1165 1137 1276 1165 aquam
1298 1129 1335 1157 de
1354 1129 1439 1166 petra
1459 1128 1490 1157 in
1507 1128 1693 1159 abundantia
1711 1131 1751 1160 ad
1766 1131 1815 1160 bi-

1033 1177 1179 1211 bendum,
1194 1177 1295 1211 Emod„
1311 1184 1383 1204 xvu.

1069 1223 1295 1251 Memorandum
1318 1224 1346 1251 et
1364 1222 1495 1251 terribile
1514 1222 1694 1252 miraculum
1712 1224 1767 1254 suit
1785 1225 1817 1254 in

1036 1270 1181 1299 divisione
1202 1271 1230 1298 et
1248 1270 1443 1298 exsiccatione
1461 1269 1546 1298 Maris
1565 1270 1672 1306 Rubri,
1693 1273 1816 1307 quando

1035 1317 1212 1346 transierunt
1225 1317 1280 1345 filii
1296 1317 1385 1346 lsrael
1402 1317 1480 1345 sicco
1498 1317 1587 1353 pede,
1603 1318 1730 1354 AEgyptii
1744 1327 1816 1348 vero

1035 1364 1155 1393 fuerunt
1168 1364 1198 1392 in
1212 1364 1318 1392 mediis
1332 1364 1471 1392 fluetibus
1485 1364 1624 1400 involuti,
1640 1366 1740 1398 Emod„
1753 1374 1816 1395 x1v.

1072 1411 1322 1439 Murmurantibus
1333 1414 1361 1439 et
1375 1411 1523 1440 desiderio
1538 1412 1673 1440 carnium
1687 1413 1817 1449 flagran—

1038 1458 1116 1486 tibus
1130 1458 1161 1485 in
1177 1458 1293 1486 deserto
1305 1458 1374 1486 filiis
1390 1459 1479 1486 lsrael
1488 1458 1567 1486 misit
1580 1460 1655 1487 Deus
1669 1468 1771 1488 carnes
1786 1461 1818 1490 in

1038 1505 1234 1540 abundantia,
1242 1507 1365 1540 Numer„
1372 1505 1491 1532 x1.llinc
1501 1505 1605 1533 haberi
1616 1508 1721 1542 potest,
1734 1508 1817 1543 quod

1038 1552 1182 1580 miracula
1191 1560 1252 1580 non
1263 1554 1331 1580 sunt
1341 1560 1458 1588 semper
1471 1554 1548 1581 certa
1563 1552 1671 1581 divinae
1686 1553 1819 1583 dilectio-

1039 1600 1084 1628 nis
1099 1600 1235 1635 insignia.

1076 1647 1234 1676 Occasione
1245 1647 1397 1675 seditionis
1409 1646 1514 1681 Chore,
1524 1649 1551 1675 et
1561 1647 1741 1683 complicum
1752 1658 1819 1679 suo-

1039 1702 1117 1728 rum,
1130 1694 1224 1722 multa
1234 1694 1379 1722 miracula
1390 1694 1587 1730 contigerunt,
1595 1696 1704 1724 Numer.
1709 1717 1718 1732 ,
1728 1704 1776 1726 xvr
1792 1699 1820 1726 et

1039 1749 1111 1770 xvn.

1074 1788 1205 1816 Percussi
1225 1787 1279 1816 filii
1303 1787 1390 1816 lsrael
1411 1796 1429 1816 a
1452 1788 1639 1824 serpentibus
1655 1789 1772 1826 ignitis,
1792 1793 1821 1819 et

1039 1835 1212 1872 aspicientes
1247 1837 1415 1871 serpentem
1455 1843 1571 1864 aeneum
1612 1837 1794 1866 curabantur
1809 1860 1818 1873 ,

1038 1883 1132 1917 Num„
1146 1891 1196 1910 XII.

1075 1930 1199 1957 Veniens
1228 1929 1346 1957 Balaam
1374 1929 1413 1957 ad
1441 1929 1684 1958 maledicendum
1704 1932 1818 1968 populo

1039 1976 1104 2011 Dei,
1131 1976 1307 2011 redargutus
1338 1975 1391 2004 fuit
1419 1975 1457 2004 ab
1486 1976 1569 2005 asina
1595 1977 1642 2005 cui
1669 1978 1793 2007 sedebat
1808 2000 1817 2013 ‚

1039 2024 1132 2057 Num„¹
1149 2031 1217 2051 xxii.

1074 2069 1204 2098 Adduxit
1223 2069 1364 2097 Dominus
1388 2068 1466 2096 filios
1486 2069 1574 2097 israel
1596 2078 1649 2106 per
1669 2070 1819 2101 desertum

1040 2117 1238 2153 quadraginta
1246 2116 1341 2151 aunis,
1353 2117 1379 2143 et
1389 2124 1450 2143 non
1461 2118 1528 2144 sunt
1539 2117 1634 2145 attrita
1644 2119 1819 2148 vestimenta

1040 2171 1157 2198 eorum,
1178 2171 1233 2190 nec
1253 2163 1453 2192 calceamenta
1471 2165 1614 2192 vetustate
1631 2168 1818 2202 consumpta,

1041 2212 1195 2244 Deuterorz„
1210 2218 1289 2238 mx.

1075 2256 1215 2292 Ingressis
1228 2256 1297 2284 filiis
1312 2256 1399 2284 lsrael
1412 2256 1538 2284 fluvium
1552 2257 1688 2286 Jordanis
1703 2260 1820 2289 stabant

1040 2312 1141 2340 aquae,
1163 2306 1189 2332 et
1203 2296 1295 2331 instar
1314 2304 1461 2331 montium
1481 2304 1716 2333 intumescebant
1724 2316 1732 2341 ;
1755 2307 1820 2335 aliae

1040 2351 1194 2379 inferiores
1228 2351 1259 2378 in
1292 2353 1368 2379 Mare
1410 2353 1556 2380 Mortuum
1591 2351 1817 2381 descenderunt.

1039 2400 1127 2431 Josue,
1144 2406 1186 2426 111.
1768 2435 1771 2437 .

1076 2447 1143 2473 Post
1157 2446 1269 2480 septem
1284 2444 1420 2472 circuitus
1431 2444 1563 2473 filiorum
1578 2446 1665 2474 Israel
1680 2446 1757 2474 muri
1772 2448 1818 2475 Je-

1039 2493 1101 2521 rico
1117 2493 1302 2526 corruerunt,
1319 2493 1407 2526 Josue,
1420 2500 1457 2519 v1.

1077 2539 1212 2568 Obedivit
1226 2540 1299 2565 Deus
1308 2538 1374 2566 voci
1385 2540 1472 2567 Josue
1488 2538 1628 2567 dicentis:
1643 2549 1656 2565 «
1671 2540 1731 2574 Sol,
1748 2548 1819 2568 con-

1039 2589 1085 2615 tra
1096 2586 1218 2615 Gabaon
1230 2593 1268 2612 ne
1282 2586 1440 2613 movearis.
1455 2596 1468 2612 »
1486 2587 1574 2620 Josue,
1588 2594 1618 2614 x.

1076 2632 1198 2663 Immisit
1212 2632 1353 2659 Dominus
1368 2632 1502 2668 gladium
1517 2632 1547 2659 in
1562 2632 1702 2661 omnibus
1717 2635 1818 2662 castris

1622 2679 1667 2682 --
1684 2675 1804 2683 usn-⁶·
