2004 3037
875 164 1005 199 CAPUT
1027 165 1101 198 LXI»

181 244 210 274 Si
224 246 296 274 v'ero
312 245 492 282 quaestiones
506 246 576 274 sunt
590 245 627 274 de
641 244 817 274 nominibus
828 245 902 281 legis
912 253 964 274 ve-

182 293 259 328 strae,
269 300 322 322 vos
333 292 390 330 ipsi
399 292 534 322 videritis
545 301 553 322 :
564 292 656 329 judex
664 292 774 322 horum
782 292 855 322 nolo
865 300 961 322 esse.»

181 342 259 376 Act„
273 349 358 377 xvm,
373 342 418 370 15.

215 388 356 426 Princeps
379 388 569 417 sacerdotum
588 388 728 425 praecepit
747 389 900 424 percutere
930 396 964 416 os

182 436 276 465 Pauli.
289 437 369 464 Tunc
383 436 423 464 ait
437 436 545 464 Paulus
561 444 568 464 :
587 435 754 464 «Percutiet
769 438 796 464 te
811 435 962 470 Dominus,

182 483 280 519 paries
294 483 442 512 dealbate.
455 484 489 511 Et
503 485 534 511 tu
547 483 654 511 sedens
667 482 784 519 Judicas
798 491 846 511 me
859 490 963 510 secun-

183 529 258 558 dum
272 530 382 566 legem,
398 532 428 559 et
439 532 542 559 contra
556 530 656 566 legem
667 530 757 566 jubes
771 538 820 559 me
828 529 942 566 percuti
951 530 965 557 ἵ)

181 576 260 612 Act„
272 585 358 612 xxm,
371 579 399 606 3.

217 625 296 652 Licet
310 624 418 653 Paulus
438 632 541 653 coram
563 624 659 653 Felice
679 624 808 661 praeside
824 632 855 653 se
877 624 965 653 ratio-

182 672 323 700 nabiliter
335 674 514 708 excusasset,
526 672 623 701 voluit
632 674 732 701 tamen
745 672 825 701 Felix
839 672 965 708 gratiam

181 721 320 755 praestare
335 719 370 755 (a)
384 720 397 747 J
401 719 503 754 udaeis,
514 721 542 748 et
556 719 682 748 Paulum
703 719 837 748 vinctum
853 726 966 748 succes-

182 766 242 795 sori
255 774 310 795 suo
325 768 410 795 Festo
425 767 555 803 reliquit.
571 767 649 802 Act„
663 775 745 802 xxxv,
763 769 809 795 27.

217 814 294 843 Dixit
313 816 413 843 Festus
433 822 540 851 praescs
563 823 570 842 :
600 824 613 842 «
631 817 696 844 Non
719 816 762 843 est
780 814 965 843 consuetudo

182 862 323 890 Romanis
354 861 498 890 damnare
521 862 653 899 aliquem
676 862 848 897 hominem,
871 862 967 898 prius-

182 917 274 945 quam
288 909 313 936 is
328 908 380 945 qui
404 911 558 938 accusatur
572 911 731 946 praesentes
751 909 860 938 habeat
879 917 966 937 accu-

182 957 304 991 satores,
318 955 481 993 locumque
501 956 705 985 descendendi
720 956 847 993 accipiat
861 956 901 986 ad
915 956 967 986 ab·

180 1002 293 1032 luenda
307 1003 443 1032 crimina.
458 1004 536 1039 Act„
551 1012 623 1038 xxv,
640 1005 684 1032 16.

217 1052 317 1079 Festus
338 1050 445 1078 volens
465 1050 654 1087 acquiescere
674 1050 794 1086 Judaeis,
810 1051 863 1087 qui
877 1050 968 1088 petie-

180 1099 250 1126 runt
278 1099 311 1126 ut
334 1097 443 1126 Paulus
469 1097 653 1126 Hierusalem
681 1098 845 1126 mitteretur
855 1120 865 1133 ,
893 1098 968 1126 dixit

181 1146 273 1175 Paulo
291 1155 297 1174 :
318 1156 333 1173 «
345 1146 394 1174 Vis
412 1145 652 1182 Hierosolymam
670 1146 849 1181 ascendere,
875 1148 904 1174 et
924 1146 967 1174 ibi

178 1193 307 1229 judicari
321 1193 358 1221 de
373 1193 421 1220 his
436 1194 518 1229 apud
533 1194 601 1221 me?
616 1194 812 1230 Respondens
833 1193 941 1222 Paulus
958 1203 964 1222 :

181 1240 226 1269 Ad
240 1241 371 1268 tribunal
381 1240 511 1276 Caesaris,
520 1242 574 1269 etc.
588 1241 733 1269 Caesarem
741 1241 873 1278 appello.
887 1243 966 1269 Tunc

181 1289 281 1316 Festus
296 1297 365 1316 cum
372 1288 500 1316 concilio
515 1288 643 1324 locutus,
652 1288 727 1317 dixit
739 1298 745 1316 :
758 1291 902 1318 Caesarem
916 1297 967 1324 ap-

182 1335 298 1371 pellasti
308 1336 322 1363 ‘I
336 1335 381 1363 Ad
394 1337 538 1364 Caesarem
551 1335 641 1363 ibis.»
660 1336 739 1371 Act„
754 1344 825 1371 xxv,
842 1338 868 1371 9,
886 1337 928 1364 12.

219 1383 333 1412 Auditis
342 1383 508 1412 rationibus
516 1384 608 1419 Pauli,
620 1384 752 1420 Agrippa
759 1392 824 1419 rex,
835 1386 968 1412 etFestus

181 1439 289 1466 praeses
317 1431 520 1467 loquebantur
553 1431 593 1459 ad
627 1431 756 1459 invicem
766 1452 775 1466 ,
805 1431 935 1459 dicentes
959 1440 967 1459 2

185 1478 289 1512 «Quia
313 1478 389 1506 nihil
412 1478 539 1514 dignum
561 1480 656 1507 morte
675 1478 743 1507 fecit
761 1478 853 1507 homo
870 1479 935 1506 iste.
950 1488 964 1505 1)

182 1525 314 1561 Agrippa
335 1527 436 1554 autem
455 1527 538 1554 Festo
561 1525 635 1554 dixit
654 1534 660 1553 :
687 1535 701 1553 «
721 1525 829 1553 Dimitti
852 1528 969 1562 poterat

182 1572 275 1601 homo
299 1572 363 1607 hic,
378 1573 403 1601 si
423 1581 485 1603 non
508 1573 685 1610 appellasset
698 1575 852 1603 Caesarem.
867 1584 881 1601 1)
891 1574 967 1610 Act„

183 1627 265 1655 xxw,
276 1621 322 1656 31,
338 1621 384 1650 32.

413 1706 439 1740 C
448 1706 479 1740 A
487 1706 514 1741 P
526 1706 555 1741 U
566 1707 592 1740 T
630 1707 657 1740 L
667 1707 699 1741 X
708 1707 735 1740 I.

464 1785 502 1812 De
513 1785 684 1819 poenitentia.

219 1856 358 1891 Quandiu
382 1857 490 1885 mansit
501 1858 591 1886 Maria
606 1859 690 1886 extra
704 1860 810 1894 castra,
823 1866 885 1887 non
898 1867 968 1895 pro-

186 1906 336 1933 cesserunt
355 1903 409 1932 filii
433 1904 520 1933 Israel
544 1912 598 1941 per
619 1905 778 1934 desertum.
799 1907 894 1940 Nam„
915 1915 968 1935 xu.

187 1952 253 1980 Non
271 1951 351 1979 enim
373 1953 415 1979 est
438 1951 554 1979 bonum
575 1951 617 1979 ire
632 1960 686 1988 per
708 1952 858 1982 desertum
879 1952 968 1988 hujus

186 1998 253 2026 vitae
268 1998 330 2027 sine
346 1998 544 2027 amaritudine
559 1999 748 2035 poenitentiae.

224 2045 354 2074 Audiens
381 2045 513 2082 populus
538 2045 671 2074 filiorum
699 2046 788 2075 Israel
810 2047 969 2076 Dominum

189 2102 251 2122 esse
276 2094 385 2122 iratum
408 2097 531 2131 propter
554 2095 824 2123 murmurationem
849 2104 969 2131 eorum,

188 2140 262 2170 luxit
276 2141 382 2176 nimis,
398 2143 425 2169 et
442 2142 476 2178 (b)
491 2150 579 2170 mane
595 2142 755 2170 voluerunt
773 2143 842 2179 plus
856 2143 952 2172 faeere
959 2164 970 2178 ,

190 2196 282 2224 quam
292 2188 433 2216 Dominus
443 2191 624 2225 praeceperat
639 2189 670 2225 (c)
680 2190 730 2217 eis.
741 2191 837 2225 Num„
849 2199 910 2226 x1v,
924 2192 968 2218 40.

225 2235 270 2264 Ad
283 2243 390 2263 vocem
404 2235 509 2271 Angeli
525 2236 758 2272 improperantis
769 2237 883 2273 populo
898 2246 970 2274 pec-

190 2283 282 2312 catori
303 2283 451 2311 beneficia
470 2283 539 2318 Dei,
564 2284 719 2312 elevarunt
740 2292 845 2313 omnes
866 2293 971 2314 vocem

190 2339 285 2365 suam,
300 2333 327 2358 et
338 2330 493 2358 fleverunt.
507 2332 611 2363 Judtc„
625 2339 657 2366 11,
673 2333 700 2359 4.

227 2379 368 2408 Dixerunt
382 2379 437 2406 filii
453 2379 540 2406 lsrael
555 2379 594 2407 ad
609 2380 769 2409 Dominum
787 2390 793 2409 ε
806 2390 820 2408 «
835 2382 972 2410 Peccavi-

191 2434 269 2462 mus,
284 2429 315 2455 tu
329 2426 422 2454 redde
434 2426 522 2454 nobis
534 2426 566 2454 id
581 2427 665 2463 quod
675 2428 781 2464 placet.
794 2439 808 2456 »
824 2431 856 2457 Et
871 2430 972 2458 omnia

192 2472 275 2502 idola
288 2474 486 2510 projecerunt.
503 2474 641 2510 Sequitur
657 2484 690 2503 εκ
700 2476 754 2510 Qui
771 2476 868 2505 doluit
881 2485 972 2513 super

192 2520 317 2548 miseriis
338 2529 453 2550 eorum.
469 2532 481 2548 »
499 2522 602 2557 Judz'c„
616 2530 651 2558 x,
667 2523 713 2558 15,
731 2525 773 2551 16.

225 2585 260 2616 (α)
285 2585 345 2610 Coet.
368 2586 429 2610 edit.
454 2594 652 2618 praeparare.—
675 2588 708 2619 (b)
734 2590 795 2613 Item
820 2589 878 2614 add.
895 2589 972 2615 in.-

194 2620 226 2652 (c)
240 2621 301 2647 Caet.
316 2621 377 2646 edit.
391 2624 552 2654 praeciperet.
569 2637 600 2642 —
615 2624 649 2655 (d)
670 2624 741 2656 Vulq.
757 2626 926 2651 manducans,
942 2638 974 2644 —-

192 2658 226 2689 (e)
241 2658 302 2682 Caet.
317 2657 377 2683 edit.
394 2659 515 2684 vestiens.

1742 168 1802 200 559

1058 234 1120 263 Cito
1139 234 1276 271 poenituit
1296 235 1404 269 David,
1425 235 1549 272 quando
1568 234 1682 265 Nathan
1702 235 1803 273 ipsum

1022 281 1059 310 dc
1075 282 1199 310 crimine
1213 282 1415 320 reprehendit.
1430 283 1453 312 11
1466 284 1546 319 Req„
1560 290 1611 312 xix.

1057 329 1157 358 Achab
1174 351 1184 365 ‚
1208 338 1262 359 rex
1285 330 1375 359 lsrael
1397 330 1639 360 sceleratissimus
1651 352 1661 368 ,
1686 330 1804 368 operuit

1023 384 1143 405 carnem
1158 385 1244 406 suam
1258 377 1372 413 cilicio,
1394 377 1600 415 jejunavitque
1615 380 1643 406 et
1662 378 1804 407 dormivit

1021 423 1051 452 in
1067 432 1171 460 sacco,
1188 427 1216 454 et
1230 425 1397 455 ambulavit
1412 426 1543 456 demisso
1565 427 1659 463 capite
1673 448 1682 463 ,
1702 428 1731 455 et
1749 426 1804 454 mi-

1021 473 1126 500 norata
1141 474 1183 500 est
1196 481 1286 509 poena
1301 473 1391 509 digne
1406 473 1450 501 illi
1464 482 1521 510 pro
1538 473 1713 503 criminibus
1728 473 1805 502 inssi-

1021 518 1131 554 gcnda.
1146 520 1180 548 lIl
1195 521 1273 555 Req„
1287 529 1348 549 xm.

1056 567 1205 595 Manasses
1219 575 1273 596 rex
1287 568 1379 604 Juda,
1402 567 1519 596 vinctus
1534 567 1644 597 catenis
1664 569 1693 596 et
1705 568 1737 597 in
1751 569 1804 597 Ba-

1021 612 1168 649 bylonem
1182 614 1300 650 ductus,
1314 615 1374 651 egit
1382 615 1586 652 poenitentiam
1595 615 1686 644 valde
1701 623 1804 644 coram

1020 662 1166 697 Domino,
1183 664 1211 690 et
1233 662 1352 690 reduxit
1367 670 1436 691 eum
1459 663 1603 691 Dominus
1617 663 1648 691 in
1668 664 1803 692 Hierusa-

1020 708 1081 737 lem
1095 710 1126 737 in
1140 717 1268 745 regnum
1280 718 1378 738 suum.
1394 711 1416 738 ll
1430 711 1567 745 Paralip„
1580 718 1684 746 xxxm,
1700 711 1745 745 12,
1759 711 1804 738 13.

1059 759 1250 786 Lamentante
1265 757 1356 786 Esdra
1375 765 1431 794 pro
1447 757 1576 794 peccatis
1595 757 1719 794 populi,
1743 757 1804 785 dic-

1021 805 1085 833 tum
1107 806 1149 833 est
1164 805 1190 833 ei
1208 815 1214 833 :
1235 805 1289 833 «Si
1305 806 1347 833 est
1360 805 1536 842 poenitentia
1552 805 1584 833 in
1602 804 1691 834 lsrael
1715 812 1805 841 super

1020 852 1078 880 hoc
1086 872 1097 887 ,
1111 853 1313 888 percutiamus
1327 852 1424 881 foedus
1440 860 1509 881 cum
1520 852 1647 882 Domino
1662 853 1723 881 Deo
1738 860 1806 880 nos-

1021 900 1085 934 tro,
1100 909 1113 924 n
1132 901 1188 928 etc.
1205 902 1215 928 1
1234 900 1309 935 Esd„
1325 909 1361 935 x,
1378 902 1404 928 2.

1057 947 1165 976 Audita
1180 947 1305 976 terribili
1318 947 1452 984 potentia
1471 947 1670 984 Holophernis
1680 967 1690 982 ,
1710 954 1806 976 sacer-

1022 994 1107 1023 dotes
1122 994 1285 1024 induerunt
1293 1003 1324 1023 se
1336 995 1458 1030 ciliciis,
1469 996 1498 1024 et
1510 1003 1546 1023 ex
1558 996 1621 1023 toto
1636 994 1727 1024 corde
1742 1002 1807 1023 om-

1022 1049 1075 1069 nes
1100 1042 1227 1070 orabant
1244 1043 1422 1078 Dominum,
1447 1044 1480 1071 ut
1501 1042 1635 1070 visitaret
1656 1042 1807 1079 populum

1023 1097 1120 1122 suum,
1136 1089 1244 1125 Judz'th,
1269 1098 1307 1119 1v.
1324 1091 1358 1118 Et
1376 1089 1408 1118 in
1426 1089 1551 1118 laudem
1572 1089 1675 1118 Judith
1688 1089 1806 1125 dicitur,

1023 1136 1108 1173 quod
1120 1136 1234 1165 habens
1249 1145 1338 1173 super
1349 1137 1470 1165 lumbos
1485 1145 1555 1165 suos
1570 1137 1699 1165 cilicium
1709 1158 1718 1172 ,
1732 1137 1806 1173 jeju-

1022 1183 1114 1212 nabat
1134 1184 1275 1212 omnibus
1296 1184 1403 1212 diebus
1418 1184 1484 1212 vitae
1503 1192 1564 1212 suae
1576 1205 1586 1220 ,
1607 1186 1714 1221 praeter
1737 1184 1805 1212 sab-

1022 1230 1094 1260 bata
1103 1252 1114 1266 ,
1129 1233 1158 1260 et
1171 1231 1345 1261 neomenias
1355 1253 1365 1268 ‚
1381 1233 1410 1260 et
1423 1231 1496 1261 festa
1510 1231 1619 1261 domus
1635 1231 1733 1261 lsrael.
1757 1233 1806 1259 Ju-

1023 1279 1103 1313 dith,
1120 1287 1182 1308 vm.

1059 1326 1200 1360 Quamvis
1218 1326 1273 1355 Job
1295 1328 1369 1355 esset
1390 1326 1435 1355 vir
1454 1326 1582 1363 simplex
1599 1328 1628 1355 et
1645 1328 1759 1362 rectus,
1780 1328 1808 1355 et

1023 1373 1130 1402 timens
1145 1375 1257 1410 Deum,
1276 1376 1304 1403 et
1321 1374 1465 1402 recedens
1486 1382 1504 1402 a
1523 1374 1621 1410 malo,
1643 1375 1744 1402 tamen
1765 1373 1808 1402 di-

1024 1421 1110 1450 cebat
1125 1430 1132 1449 :
1150 1430 1164 1448 «
1175 1422 1237 1457 Ago
1254 1421 1459 1458 poenitentiam
1471 1421 1503 1450 in
1512 1421 1616 1451 favilla
1629 1422 1657 1451 et
1669 1422 1778 1450 cinere.
1789 1432 1802 1449 v

1023 1469 1082 1503 Job,
1094 1477 1167 1504 xL11,
1186 1471 1211 1497 6.

1060 1518 1186 1545 Instante
1196 1515 1363 1553 captivitate
1373 1516 1567 1552 Hierusalem,
1575 1516 1695 1545 dicebat
1706 1516 1805 1545 Isaias:

1027 1574 1041 1590 «
1055 1563 1177 1592 Vocavit
1191 1563 1333 1592 Dominus
1347 1564 1379 1592 in
1396 1564 1444 1592 die
1463 1564 1516 1593 illa
1530 1564 1571 1592 ad
1583 1563 1705 1599 fletum,
1725 1565 1753 1592 et
1767 1563 1807 1592 ad

1023 1611 1188 1647 planctum,
1203 1613 1231 1640 et
1245 1611 1285 1640 ad
1300 1610 1464 1646 calvitium,
1479 1613 1508 1640 et
1522 1611 1562 1640 ad
1577 1611 1734 1647 cingulum
1744 1619 1806 1641 sac-

1025 1659 1067 1694 ci,
1082 1669 1096 1686 »
1113 1661 1169 1688 etc.
1183 1660 1249 1694 Isa„
1261 1667 1338 1694 111111,
1353 1660 1399 1687 12.

1060 1706 1194 1735 NInivitae
1208 1706 1401 1735 crediderunt
1416 1707 1543 1735 Domino
1563 1706 1603 1735 ad
1617 1706 1806 1743 praedicatio-

1024 1761 1094 1782 nem
1108 1755 1205 1789 Jonae,
1222 1755 1249 1782 et
1258 1753 1501 1791 praedicaverunt
1513 1754 1662 1790 jejunium
1672 1775 1682 1790 ,
1699 1755 1727 1782 et
1742 1762 1808 1783 ves-

1023 1800 1067 1828 titi
1087 1803 1155 1829 sunt
1177 1809 1264 1830 sacco
1288 1809 1307 1830 a
1327 1801 1444 1830 minore
1466 1809 1563 1838 usque
1585 1801 1626 1830 ad
1649 1801 1805 1838 majorem.

1023 1848 1097 1882 Ion„
1111 1856 1158 1882 111,
1176 1850 1202 1876 5.

1060 1896 1279 1932 Appropriante
1294 1895 1425 1925 exercitu
1440 1896 1594 1932 TImothei,
1612 1896 1807 1933 Machabaeus,

1026 1942 1114 1978 etqui
1124 1951 1191 1970 cum
1206 1943 1272 1979 ipso
1284 1944 1378 1978 erant,
1389 1943 1590 1979 precabantur
1600 1945 1703 1979 Deum,
1720 1946 1809 1979 caput

1025 1991 1103 2018 terra
1119 1992 1319 2025 aspergentes,
1332 1990 1515 2026 lumbosque
1527 1991 1629 2019 ciliciis
1646 1990 1806 2027 praecincti,

1027 2038 1066 2066 ad
1085 2038 1185 2066 altaris
1204 2038 1389 2074 crepidinem
1412 2038 1580 2074 provoluti,
1602 2040 1634 2067 ut
1655 2039 1712 2067 sibi
1734 2041 1809 2067 esset

1026 2085 1182 2121 propitiuS,
1190 2085 1352 2113 etinimicis
1362 2093 1467 2113 eorum
1476 2085 1622 2114 inimicus.
1635 2086 1656 2114 ll
1665 2086 1768 2122 Mach„
1776 2094 1806 2115 x.

1062 2134 1190 2161 Joannes
1208 2132 1351 2168 Baptista,
1370 2132 1568 2161 sanctificatus
1587 2134 1750 2170 antequam
1771 2141 1807 2162 ex

1027 2182 1110 2209 utero
1130 2180 1232 2209 matris
1251 2182 1358 2216 natus,
1379 2189 1397 2209 a
1417 2181 1524 2209 sanctis
1543 2182 1718 2218 parentibus
1733 2182 1807 2211 edu-

1028 2229 1128 2264 catus,
1142 2227 1218 2263 sugit
1238 2229 1271 2257 in
1292 2229 1461 2262 desertum,
1480 2229 1508 2256 et
1521 2229 1564 2257 ibi
1584 2231 1645 2257 tam
1659 2231 1808 2259 austeram

1027 2275 1120 2303 vitam
1132 2275 1232 2308 duxit,
1256 2275 1341 2312 quod
1356 2275 1527 2312 dicebatur,
1546 2285 1669 2313 «neque
1684 2277 1809 2313 bibens,

1027 2331 1126 2359 neque
1148 2323 1310 2352 comedens
1327 2323 1377 2359 (d),
1393 2334 1407 2350 »
1424 2324 1538 2358 Matth„
1551 2332 1599 2360 111,
1615 2326 1660 2352 18.
1675 2326 1708 2352 Ε1
1726 2324 1810 2353 addit

1028 2371 1196 2399 Bernardus
1211 2380 1216 2399 :
1230 2381 1244 2398 ι(
1259 2370 1348 2399 Plane
1363 2379 1462 2407 neque
1476 2371 1599 2399 vestitus
1610 2372 1655 2408 (e),
1671 2372 1742 2409 quia
1755 2372 1809 2408 pili

1029 2418 1213 2448 camelorum
1227 2426 1291 2446 non
1305 2420 1373 2446 sunt
1386 2418 1476 2446 vestis
1490 2418 1621 2448 hunana.
1636 2430 1650 2446 »

1065 2468 1160 2500 Quam
1183 2466 1309 2494 libenter
1330 2465 1453 2502 recipiat
1474 2467 1616 2495 Dominus
1639 2468 1810 2502 peccatores

1029 2514 1069 2543 ad
1083 2514 1301 2550 poenitentiam,
1318 2521 1353 2541 ex
1367 2513 1413 2541 his
1428 2516 1568 2550 apparet,
1585 2514 1657 2550 quia
1670 2515 1811 2551 praediea-

1028 2561 1141 2590 tionem
1168 2569 1254 2589 suam
1277 2569 1295 2589 a
1314 2561 1486 2597 poenitentia
1509 2561 1617 2597 legitur
1642 2562 1809 2599 incoep1sse,

1030 2609 1144 2644 Mattlz„
1159 2617 1198 2643 iv,
1214 2609 1258 2636 17.
1275 2610 1347 2637 Item
1361 2608 1400 2637 ad
1419 2609 1476 2636 hoc
1492 2609 1616 2637 asseruit
1631 2618 1661 2637 50
1681 2610 1808 2645 venisse,

1029 2657 1105 2690 Luc„
1122 2664 1150 2690 v,
1167 2657 1211 2686 32.
1227 2657 1299 2685 ttem
1313 2656 1370 2686 hoc
1385 2657 1483 2693 ipsum
1501 2664 1554 2692 per
1569 2664 1661 2693 opera
1675 2657 1805 2687 demon-
