2004 3037
73 1819 173 1839 Charitas

93 1849 141 1874 igni

76 1885 162 1905 compa-

83 1914 129 1931 ratu
134 1917 151 1931 r.

406 235 457 267 DE
479 233 717 268 VIRTUTIBUS
738 232 997 266 THEOLOGICIS
1018 233 1069 265 ET
1089 233 1394 269 CARDINALIBUS.
1418 236 1504 268 CAP.
1530 236 1569 268 ll.

181 305 269 334 datur
289 311 360 341 ergo
373 304 462 333 vestis
482 302 630 333 charitatis
652 301 691 330 ab
715 300 840 330 artificio
852 321 861 335 ‚
885 300 958 337 quia

181 360 292 389 magno
307 351 406 380 studio
421 349 610 387 componitur
623 357 641 377 a
655 350 724 383 Dec,
739 348 824 384 juxta
839 347 915 376 illud
927 349 935 366 ¹
949 357 955 376 :

181 400 352 428 Annuntiate
378 400 450 426 inter
474 399 562 432 flentes
586 395 680 424 studia
705 395 771 430 ejus.
799 396 862 423 Haec
877 395 958 423 enim

182 449 247 476 sunt
261 446 358 475 studia
373 445 474 474 divina
484 465 493 479 ,
510 445 541 472 ut
555 445 715 479 componat
734 443 765 471 in
788 443 876 471 nobis
891 442 959 471 cha-

182 494 274 524 ritatis
301 492 484 522 indumenta.
514 489 746 519 Commendatur
778 489 867 517 etiam
897 489 959 518 haec

182 541 270 571 vestis
284 549 303 570 a
315 540 438 569 materia
454 549 460 567 :
478 547 547 567 nam
568 539 632 567 aliae
651 539 746 566 vestes
765 539 833 565 sunt
854 538 902 565 vel
922 537 959 566 de

183 587 344 618 velleribus
358 586 549 622 animalium,
565 587 597 614 ut
617 585 704 614 vestis
726 585 830 620 lanea;
853 584 902 612 vel
922 584 960 612 de

185 635 342 666 corticibus
356 634 536 668 herbarum,
557 635 589 661 ut
611 632 700 661 vestis
723 632 827 667 linea;
852 631 901 659 vel
923 631 960 660 dc

183 682 346 712 visceribus
359 680 522 715 vermium,
535 682 568 708 ut
583 679 670 708 vestis
685 679 787 707 serica.
805 678 896 706 Vestis
911 686 962 706 au-

185 731 244 758 tem
265 728 414 757 charitatis
438 727 471 755 fit
494 736 531 755 ex
552 727 646 762 gratia
669 726 790 762 Spiritus
810 726 917 761 sancti,
935 728 963 754 ct

185 777 222 805 de
237 775 400 804 visceribus
413 775 526 803 Christi.
543 773 624 802 Unde
639 774 789 809 signanter
805 773 876 801 dicit
887 775 962 809 Apo-

185 823 278 852 stolus
293 825 302 840 ²³
325 832 331 851 :
354 823 510 850 Induimini
534 823 677 849 Dominum
696 822 785 848 Jesum
814 820 960 848 Christum.

185 870 416 899 commendatur
435 871 534 897 autem
555 869 617 896 haec
641 868 728 896 vestis
743 876 760 895 a
781 867 880 895 colore
899 876 904 894 :
921 869 964 894 est

186 919 285 946 autem
301 916 413 952 duplex
427 916 510 944 color
521 916 610 950 hujus
624 915 728 949 vestis,
745 914 857 942 scilicet
869 914 964 950 byssi-

187 973 240 994 nus
248 985 256 1000 ,
269 966 297 992 et
310 971 489 1000 purpureus.
502 964 534 990 Et
545 963 619 990 sicut
630 962 741 990 rubeus
756 962 839 989 color
853 961 963 997 optime

186 1011 269 1040 sedet
282 1018 371 1047 super
385 1009 556 1046 byssinum,
571 1008 621 1036 vel
635 1008 798 1036 candidum
807 1017 815 1042 3
833 1008 874 1036 sic
895 1008 965 1036 cha-

185 1058 255 1086 ritas
271 1057 381 1094 optime
395 1057 451 1084 stat
463 1064 552 1092 super
571 1056 724 1083 hominem
743 1057 865 1083 castum.
882 1055 964 1082 Unde

186 1105 315 1133 dicitur³
337 1113 344 1132 ε
365 1105 464 1139 Byssus
488 1105 513 1131 et
535 1111 660 1138 purpura
684 1102 872 1129 indumentum
896 1103 963 1137 ejus.

187 1150 419 1180 Commendatur
433 1152 533 1178 autem
554 1150 615 1177 haec
632 1149 720 1177 vestis
740 1157 758 1176 a
782 1148 945 1183 fragrantia
955 1170 964 1184 ,

185 1199 270 1235 juxta
284 1198 360 1226 illud
375 1199 386 1215 ‘⁸
401 1207 408 1226 :
427 1198 499 1225 Odor
520 1199 738 1225 vestimentorum
757 1199 879 1228 luorum,
896 1198 966 1223 sicut

188 1246 253 1274 odor
273 1246 377 1278 thuris,-
394 1247 422 1272 et
445 1244 513 1272 ideo
539 1244 590 1280 qui
615 1245 713 1279 portat
737 1243 815 1271 hanc
833 1244 964 1278 vestem,

187 1294 316 1320 meretur
338 1291 594 1325 benedictionem,
612 1291 686 1318 sicut
705 1290 807 1318 Jacob.
826 1289 906 1317 Unde
923 1289 966 1317 di-

190 1340 264 1367 citur
285 1339 295 1356 ⁵
318 1347 325 1366 z
347 1338 466 1372 Statim,
488 1341 518 1365 ut
541 1339 618 1365 Isaac
639 1339 723 1364 sensit
748 1338 967 1365 vestimentorum

190 1388 246 1422 eJ'us
268 1387 470 1421 fragrantiam,
485 1384 638 1412 benedicens
660 1386 724 1411 ait:
740 1385 805 1411 Ecce
828 1384 893 1410 odor
912 1385 967 1418 filii

188 1435 257 1468 mei,
273 1434 343 1460 sicut
358 1432 424 1459 odor
443 1433 603 1466 agripleni.
619 1431 629 1447 ⁶
646 1431 774 1458 Charitas
788 1432 895 1465 patiens
910 1434 965 1465 est,

189 1481 302 1514 beniqna
317 1481 375 1512 est,
394 1487 447 1506 non
466 1479 630 1511 minutatur,
649 1486 702 1505 non
729 1479 786 1512 ayit
804 1484 966 1512 perperam,

189 1535 242 1554 non
256 1528 385 1561 inflatur,
404 1534 457 1553 non
476 1528 514 1552 est
535 1525 696 1556 ambitiosa,
719 1533 771 1551 non
790 1525 888 1558 quaerit
908 1532 968 1558 quoe

190 1582 239 1601 sua
254 1576 336 1606 sunt,
351 1581 403 1600 non
424 1574 566 1606 irritatur,
579 1580 632 1599 non
651 1573 754 1606 cogitat
775 1572 893 1605 malum,
914 1579 967 1598 non

190 1621 290 1655 gaudet
303 1627 384 1655 super
396 1620 560 1654 iniquitate,
575 1619 721 1653 congaudet
740 1621 829 1645 autem
843 1619 966 1645 veritati.

191 1668 289 1696 Omnia
303 1666 415 1701 suffert,
431 1667 523 1694 omnia
538 1666 638 1700 credit,
653 1667 744 1692 omnia
755 1667 862 1700 sperat,
876 1666 967 1692 omnia

188 1716 313 1742 sustinet.
331 1713 456 1741 Charitas
477 1721 615 1748 nunquam
630 1712 746 1744 excidit,
762 1713 794 1739 ut
808 1711 878 1739 dicit
891 1714 967 1747 Apo-

186 1760 289 1788 stolus.

226 1809 296 1836 Item
308 1806 396 1835 vestis
412 1806 559 1834 charitatis
572 1806 663 1834 habet
678 1806 752 1833 duas
767 1805 880 1842 petias,
895 1813 967 1841 qua-

191 1857 256 1882 tuor
271 1854 405 1889 sagittas,
420 1856 448 1881 et
462 1853 611 1881 sexdecim
629 1852 764 1880 fimbrias
785 1853 833 1880 vel
852 1860 964 1888 crepas.

191 1903 238 1929 Est
252 1901 331 1928 enim
344 1901 451 1936 partita
465 1901 539 1928 sicut
557 1900 656 1928 tunica
671 1899 779 1927 nobilis
796 1899 964 1934 domicelli,

191 1948 257 1975 duae
271 1947 357 1983 petiae
373 1948 436 1982 ejus
453 1950 520 1975 sunt
535 1947 652 1974 dilectio
668 1947 718 1974 Dei
739 1949 766 1974 et
779 1946 918 1982 proximi,
935 1947 965 1973 in

189 1997 272 2032 parte
288 1995 408 2023 dextera
423 1996 466 2022 est
479 1994 558 2030 petia
573 1994 738 2022 dilectionis
754 1994 867 2029 Deissin
882 1996 964 2029 parte

189 2042 320 2076 sinistra,
337 2043 379 2069 est
397 2041 475 2077 petia
495 2041 660 2068 dilectionis
681 2041 810 2076 proximi
825 2050 831 2068 ε
848 2049 909 2068 una
923 2042 966 2068 est

190 2089 226 2117 de
240 2089 349 2124 bysso,
366 2088 424 2115 alia
446 2087 483 2115 de
498 2095 641 2123 purpura.
666 2089 698 2115 ln
714 2087 888 2114 indumento
902 2087 965 2122 ejus

190 2138 317 2172 quatuor
332 2134 442 2170 sagittae
457 2136 609 2170 ponuntur
620 2155 628 2169 ,
639 2134 724 2169 juxta
751 2133 826 2161 illud
839 2143 847 2160 ε
863 2135 964 2168 Diliges

188 2184 333 2210 Dominum
355 2184 438 2209 Deum
456 2185 532 2208 tuum
554 2189 587 2208 eae
602 2183 655 2208 toto
670 2181 764 2213 corde,
781 2182 833 2208 etc.
857 2180 964 2208 Sexde-

191 2229 249 2257 cim
264 2228 406 2263 fimbriae,
422 2228 471 2256 vel
490 2236 584 2264 crepae
604 2229 766 2264 ponuntur,
786 2228 860 2254 sicut
874 2235 964 2263 supra

193 2276 304 2304 dictum
319 2277 362 2303 est
378 2284 384 2303 z
402 2275 526 2302 Charitas
538 2276 645 2310 patiens
661 2279 713 2307 est,
730 2277 783 2302 etc.

223 2322 354 2351 Charitas
382 2324 571 2358 comparatur
594 2321 655 2357 igni
677 2322 707 2349 in
732 2322 836 2349 decem
859 2332 866 2350 :
892 2329 962 2349 nam

187 2370 284 2406 primo
300 2368 377 2405 ignis
392 2371 435 2397 est
448 2369 606 2396 virtuosior
626 2369 766 2396 omnibus
786 2369 937 2396 elementis
955 2378 961 2396 :

188 2417 229 2444 sic
244 2417 319 2444 inter
333 2424 433 2444 omnes
444 2416 563 2443 virtutes
575 2415 723 2444 efficacior
735 2418 777 2444 est
791 2416 882 2443 virtus
895 2416 963 2444 cha-

188 2463 288 2492 ritatis.
317 2463 398 2491 Unde
425 2462 531 2491 dicitur
542 2464 552 2479 7
569 2472 575 2489 z
592 2464 682 2498 Ignem
709 2465 770 2490 veni
798 2466 904 2491 mittere
932 2465 962 2491 in

190 2512 300 2537 terram.
316 2511 348 2537 ln
368 2510 425 2538 hoc
440 2513 538 2538 autem
560 2510 684 2538 charitas
707 2510 821 2538 excellit
842 2510 960 2545 ignem,

221 2584 229 2600 ¹
244 2583 310 2607 Psal.
329 2589 364 2614 lx,
382 2585 418 2608 12.
432 2597 458 2602 --
475 2584 483 2598 ²
499 2585 577 2613 Rom„
595 2589 652 2613 xiii,
670 2586 706 2608 14.
723 2597 752 2602 —
769 2585 870 2610 ³Prov..
888 2591 960 2616 xxxi,

189 2620 228 2643 22.
239 2631 270 2636 —
284 2619 293 2634 ⁴
304 2619 388 2648 Cant.,
404 2625 438 2649 iv,
452 2621 489 2643 11.
500 2632 530 2636 —
545 2620 553 2633 ⁵
568 2620 638 2650 Gen„
651 2626 733 2650 xxvii,
747 2622 785 2645 27.
797 2634 827 2638 --
842 2621 850 2633 ⁶
866 2622 871 2644 Ι
890 2621 959 2651 Cor„

188 2661 246 2686 1111,
266 2656 314 2679 4-8.
331 2667 360 2672 -
384 2656 391 2670 ⁷
409 2656 478 2684 Luc„
496 2661 547 2686 xli,
569 2657 606 2680 49.
624 2669 654 2674 —
675 2656 685 2672 Β
704 2656 786 2687 Cant.⁷
809 2663 869 2687 vin,
888 2658 910 2681 7.
931 2670 956 2673 —

1733 237 1792 268 295

1012 301 1084 338 quia
1111 310 1190 339 aqua
1214 303 1359 339 extinguit
1381 303 1481 339 ignem
1504 303 1690 339 naturalem;
1716 303 1792 332 sed⁸

1012 357 1089 384 aquae
1111 351 1204 378 multa:
1223 359 1277 378 non
1293 353 1420 386 poterunt
1443 352 1600 387 extinquere
1615 351 1792 387 charitatem,

1012 398 1045 424 ut
1067 396 1174 425 dicitur
1197 397 1227 425 in
1252 398 1381 426 canticis.
1398 397 1535 425 Secundo
1561 397 1638 432 ignis
1662 397 1746 425 ardet
1766 399 1795 426 et

1013 442 1092 471 lucet
1107 453 1113 471 :
1130 444 1171 471 sic
1194 444 1320 472 charitas
1338 443 1370 472 in
1392 443 1513 472 homine
1538 443 1622 472 ardet
1636 452 1689 480 per
1704 443 1795 472 affec-

1014 491 1091 525 tum,
1115 492 1142 519 et
1164 491 1243 519 lucet
1268 499 1322 528 per
1351 490 1540 527 exemplum,
1564 490 1638 518 sicut
1665 492 1794 519 loannes

1014 537 1142 573 Baptista
1156 538 1193 566 de
1209 546 1270 575 quo
1287 538 1394 566 dicitur
1410 538 1420 555 ⁹
1436 546 1443 565 :
1460 539 1510 566 lile
1527 539 1598 565 enim
1613 539 1671 565 erat
1686 539 1796 565 lucerna

1014 585 1112 612 ardens
1134 587 1159 613 et
1181 587 1279 613 lucens.
1301 585 1396 613 Tertio
1419 585 1498 621 ignis
1519 584 1662 626 frigidum
1684 583 1796 613 ferrum

1015 632 1167 666 accendit,
1192 634 1220 660 et
1248 632 1338 660 etiam
1366 632 1528 660 carbonem
1556 631 1715 659 extinctum
1733 640 1740 658 :
1755 631 1796 659 sic

1015 678 1189 707 incen‘hum
1205 679 1353 708 charitatis
1378 679 1500 716 expellit
1525 678 1564 707 ab
1586 678 1708 707 homine
1728 678 1797 714 gelu

1016 726 1162 761 avaritiae,
1179 727 1206 754 et
1228 726 1316 754 ctiam
1338 728 1466 754 mortem
1489 726 1599 762 culpae,
1615 728 1643 754 et
1662 725 1732 753 facit
1751 725 1797 753 vi-

1016 781 1085 801 vere
1108 773 1182 801 sicut
1207 773 1370 801 carbonem
1385 773 1562 806 extinctum,
1577 774 1610 800 ut
1630 772 1737 800 dicitur
1751 771 1772 789 ¹⁰
1789 780 1796 800 ε

1019 821 1159 848 Translati
1184 828 1276 848 sumus
1303 821 1336 848 de
1364 823 1449 848 morte
1476 820 1512 847 ad
1540 821 1644 855 vitam,
1669 821 1798 855 quoniam

1018 867 1160 902 ‹lilfqimas
1186 869 1296 900 fratres.
1321 868 1430 902 Quarto
1457 867 1534 902 ignis
1559 866 1704 895 incinerat
1727 875 1733 894 :
1756 865 1798 894 sic

1018 914 1110 942 virtus
1125 916 1152 942 et
1172 914 1345 942 incendium
1361 914 1509 942 charitatis
1523 914 1631 950 redigit
1644 913 1799 941 hominem

1019 961 1050 988 in
1079 961 1208 989 cinerem
1236 961 1420 989 humilitatis.
1451 961 1531 989 Unde
1561 960 1679 988 dicebat
1706 960 1800 989 Abra-

1018 1008 1089 1036 ham
1105 1008 1122 1025 ¹¹
1141 1017 1148 1036 z
1165 1009 1272 1043 Loquar
1288 1008 1323 1035 ad
1339 1010 1422 1035 Deum
1437 1016 1539 1042 meum,
1555 1016 1614 1035 cum
1632 1009 1684 1035 sim
1697 1008 1799 1042 pulvis,

1021 1058 1045 1082 ct
1061 1056 1153 1082 cinis?
1170 1055 1276 1089 Quinto
1301 1055 1377 1090 ignis
1402 1063 1518 1091 semper
1542 1054 1635 1082 tendit
1657 1062 1773 1082 sursum
1790 1061 1798 1082 :

1020 1102 1061 1129 sic
1081 1102 1206 1130 charitas
1220 1102 1290 1130 facit
1309 1102 1469 1130 ascendere
1490 1110 1607 1129 sursum
1624 1101 1673 1129 vel
1687 1101 1726 1129 ad
1741 1109 1800 1129 coe-

1020 1148 1083 1176 lum
1098 1157 1151 1185 per
1166 1149 1358 1177 desiderium.
1371 1148 1452 1176 Unde
1461 1148 1578 1176 dicebat
1588 1148 1746 1184 Apostolus
1758 1148 1799 1175 ¹²:

1023 1196 1109 1231 Cupio
1124 1196 1254 1230 dissolvi,
1279 1199 1304 1223 et
1324 1204 1378 1223 esse
1401 1204 1460 1223 cum
1477 1196 1594 1223 Christo,
1618 1196 1704 1223 Sexto
1724 1195 1801 1230 ignis

1021 1251 1138 1278 semper
1153 1243 1182 1270 in
1196 1244 1279 1270 motu
1293 1252 1301 1270 .·
1318 1243 1359 1270 sic
1374 1242 1499 1270 charitas
1515 1250 1632 1278 semper
1647 1243 1689 1269 est
1703 1242 1734 1269 in
1749 1241 1802 1270 ali-

1023 1298 1083 1326 quo
1105 1290 1187 1317 bono
1210 1292 1286 1317 actu.
1303 1290 1393 1324 Nam,
1409 1289 1483 1317 sicut
1497 1288 1568 1316 dicit
1582 1289 1741 1324 Gregorius
1759 1289 1779 1306 ¹³
1793 1297 1800 1316 :

1025 1347 1038 1362 a
1060 1339 1151 1364 Amor
1179 1337 1228 1364 Dei
1253 1345 1410 1373 nunquam
1439 1338 1481 1364 est
1505 1336 1626 1364 otiosus.
1658 1337 1802 1372 Operatur

1022 1384 1101 1411 enim
1116 1392 1242 1419 magna,
1258 1384 1280 1411 si
1297 1386 1338 1411 est
1347 1393 1355 1418 3
1372 1383 1395 1410 si
1411 1385 1509 1410 autem
1523 1383 1640 1419 operari
1655 1382 1800 1417 renuerit,

1022 1438 1107 1458 amor
1130 1439 1192 1458 non
1217 1432 1268 1458 est.
1292 1430 1450 1466 »Septimo
1472 1429 1667 1464 ignisaufert
1689 1429 1803 1465 rubigi-

1022 1485 1091 1504 nem
1106 1485 1122 1504 a
1139 1477 1217 1505 terro
1236 1486 1242 1504 :
1259 1477 1300 1504 sic
1321 1477 1446 1504 charitas
1459 1476 1536 1504 tollit
1549 1476 1718 1511 rubiginem
1732 1484 1802 1512 pec-

1023 1524 1089 1552 cati.
1106 1524 1187 1552 Unde
1203 1524 1309 1551 dicitur
1330 1524 1349 1540 ¹⁶
1366 1533 1371 1551 :
1390 1525 1460 1551 Deus
1475 1526 1564 1551 autem
1579 1524 1651 1557 ionis
1667 1525 1802 1557 estusque

1022 1572 1058 1598 ad
1073 1573 1327 1598 consummationem
1343 1571 1484 1605 devorans,
1499 1570 1609 1598 scilicet
1623 1571 1735 1606 peccati
1754 1578 1803 1598 ru-

1021 1618 1166 1653 biginem,
1177 1626 1230 1653 per
1245 1625 1330 1645 suam
1343 1618 1467 1653 ignitam
1481 1617 1680 1645 dilectionem.
1693 1618 1801 1646 Octavo

1021 1665 1098 1700 ignis
1113 1664 1254 1692 scintillas
1269 1664 1391 1699 einittit3
1408 1664 1448 1692 sic
1464 1664 1590 1692 charitas
1604 1665 1736 1691 mentem
1750 1664 1802 1691 de·

1021 1714 1122 1740 votam
1137 1712 1278 1739 scintillas
1297 1712 1461 1739 coelestium
1483 1711 1701 1739 desideriorum
1720 1711 1802 1740 emit-

1021 1761 1080 1787 tere
1095 1759 1179 1793 facit,
1195 1759 1269 1786 sicut
1282 1759 1389 1794 legitur
1409 1759 1440 1786 in
1454 1760 1565 1786 Daniele
1577 1759 1596 1775 ¹⁵
1610 1768 1616 1786 :
1632 1760 1683 1786 Vir
1697 1759 1802 1787 deside-

1021 1808 1124 1834 riorum
1151 1814 1186 1834 es.
1211 1807 1294 1833 Nono
1320 1806 1396 1841 ignis
1419 1805 1488 1833 facit
1513 1805 1606 1833 ollam
1627 1805 1759 1840 fervere,
1774 1807 1803 1834 et

1022 1854 1088 1882 011ae
1112 1854 1235 1882 ferventi
1259 1862 1321 1881 non
1342 1853 1478 1881 incidunt
1499 1861 1607 1881 muscae
1628 1862 1634 1880 :
1655 1853 1696 1881 sic
1717 1862 1802 1881 mens

1021 1910 1088 1937 quae
1101 1909 1155 1937 per
1171 1901 1343 1929 charitatem
1366 1900 1475 1935 fervet,
1494 1908 1611 1928 muscas
1633 1900 1801 1928 tentationis

1020 1956 1082 1976 non
1096 1948 1187 1975 timet.
1212 1948 1351 1975 Diabolus
1375 1950 1475 1975 autem
1496 1949 1617 1983 propter
1637 1947 1800 1975 infestatio-

1020 2003 1090 2023 nem
1105 1995 1314 2029 tentationum,
1331 1995 1406 2022 inter
1426 1994 1485 2021 alia
1499 1994 1623 2022 nomina
1643 2002 1697 2021 sua
1712 2002 1800 2022 voca-

1020 2044 1067 2069 tur
1082 2042 1264 2074 Beelzebub,
1280 2042 1331 2077 qui
1351 2041 1558 2076 interpretatur
1573 2042 1643 2068 Deus
1658 2040 1706 2068 vel
1720 2044 1799 2075 pater

1020 2097 1191 2121 muscarum,
1206 2090 1237 2115 ut
1257 2088 1384 2115 habetur
1402 2088 1434 2114 in
1450 2089 1521 2114 Luca
1534 2088 1563 2115 ¹⁶.
1580 2087 1699 2115 Decimo
1721 2087 1797 2123 ignis

1019 2137 1115 2162 servat
1137 2134 1291 2170 lampades
1313 2142 1330 2162 a
1350 2142 1434 2161 mure
1458 2143 1464 2161 :
1487 2142 1552 2161 mus
1569 2142 1713 2170 namque,
1729 2143 1797 2162 cum

1019 2181 1190 2217 lampadem
1225 2181 1383 2209 extinctam
1418 2181 1560 2217 conspicit
1579 2202 1588 2215 ,
1617 2189 1689 2208 mox
1720 2181 1798 2209 bibit

1019 2229 1138 2263 oleum;
1153 2229 1205 2256 secl
1220 2229 1317 2264 ipsum
1337 2237 1398 2256 non
1420 2229 1509 2257 audet
1522 2229 1625 2264 fugere
1636 2250 1645 2263 ,
1662 2229 1797 2265 quandiu

1019 2275 1160 2312 conspicit
1173 2276 1346 2311 lampadem
1361 2276 1464 2303 ardere
1477 2285 1483 2303 2
1498 2276 1538 2303 sic
1550 2276 1675 2304 charitas
1688 2276 1796 2304 ardens

1018 2322 1048 2350 in
1064 2323 1179 2356 animo,
1194 2323 1293 2350 oleum
1310 2323 1410 2358 gratiae
1435 2323 1562 2350 custodit
1577 2331 1594 2350 a
1609 2323 1717 2359 Spiritu
1730 2331 1795 2350 ma-

1017 2369 1109 2405 ligno.
1130 2371 1189 2398 Hoc
1205 2370 1304 2398 oleum
1319 2370 1424 2398 volunt
1444 2371 1604 2406 prudentes
1619 2370 1748 2405 virgines
1763 2370 1795 2397 in

1017 2417 1077 2444 suis
1087 2417 1277 2453 lampadibus
1287 2417 1413 2452 habere,
1425 2420 1457 2444 ut
1472 2425 1540 2444 cum
1552 2425 1662 2453 sponso
1675 2416 1794 2448 valeant

1017 2464 1057 2492 ad
1070 2465 1188 2500 nuptias
1202 2465 1322 2500 intrare,
1333 2465 1408 2492 sicut
1418 2464 1523 2492 dicitur
1537 2464 1568 2491 in
1583 2464 1713 2490 Matthoeo
1724 2464 1753 2489 ¹⁷.

1016 2552 1024 2565 '³
1036 2552 1118 2579 Joan„
1134 2556 1158 2580 v,
1171 2552 1249 2574 3512—
1271 2550 1289 2566 ¹·
1311 2550 1413 2578 ilorci,
1431 2555 1470 2579 111,
1488 2551 1525 2573 14.
1546 2561 1575 2567 -—
1597 2549 1614 2564 ¹¹
1630 2548 1701 2579 Gen,
1717 2554 1792 2580 xviii,

1016 2588 1055 2610 2¹1.
1082 2600 1108 2604 -
1134 2587 1151 2600 ¹²
1175 2586 1281 2616 Philip„
1304 2592 1328 2616 Ι,
1353 2588 1392 2609 233.
1418 2598 1448 2602 -
1475 2585 1492 2600 ¹³
1518 2585 1603 2615 (3ης.Ἴ
1632 2585 1657 2607 in
1684 2585 1792 2615 Evany„

1016 2623 1085 2646 hom.
1102 2629 1163 2650 xxx,
1180 2624 1238 2645 ante
1256 2622 1324 2645 nied.
1340 2634 1369 2638 —
1387 2622 1401 2635 ¹⁵
1416 2621 1500 2650 Deua,
1520 2626 1553 2647 ιν,
1572 2622 1611 2643 24.
1624 2632 1655 2637 —
1679 2620 1697 2636 ¹⁵
1714 2620 1791 2650 Dan„

1016 2664 1051 2687 ix,
1067 2660 1105 2682 23.
1117 2671 1148 2677 -
1163 2659 1180 2672 ¹0
1194 2658 1261 2687 Lac„
1278 2663 1315 2688 M,
1333 2659 1369 2681 15.
1383 2670 1413 2674 —
1431 2657 1447 2672 ¹⁷
1462 2655 1564 2687 Maltlu,
1580 2661 1641 2685 xxv,
1657 2657 1680 2680 4,
