2004 3037
46 1066 146 1087 Charitas

46 1097 141 1123 gratuita

46 1128 74 1149 ab
89 1129 138 1149 aliis

54 1160 124 1180 effecti
133 1171 136 1175 ·

56 1191 97 1212 bus
107 1192 141 1212 di-

46 1223 146 1244 lectionis

45 1254 139 1280 multipli
146 1266 151 1269 -

70 1285 124 1306 niter

61 1316 139 1337 dissert.

581 239 631 271 DE
650 237 810 278 QUARTO
833 237 1006 270 I'I'INERE.
1030 236 1130 269 DIST.
1154 237 1204 270 1v.
1228 237 1320 270 ART.
1345 238 1370 270 1.

167 304 253 332 multi
269 305 424 334 utilitatem
439 306 618 343 Reipublicae
639 305 768 343 proprioe
789 305 856 333 vitoe
869 313 943 341 prae-

167 351 332 388 ponebant3
348 355 374 381 et
385 353 582 390 exemplificat
596 353 634 381 de
648 353 713 381 hoc.
729 354 761 380 Et
774 352 895 387 Tullius,
912 352 945 380 de

169 398 281 433 Officiis,
297 399 367 428 dicit
382 403 398 435 ¹,
416 400 500 437 quod
514 400 575 428 duo
591 401 673 428 erant
684 401 831 436 praecepta
846 400 942 428 Plato-

168 444 214 472 nis
231 446 400 476 volentibus
416 447 595 484 Reipublicae
614 447 756 484 prodesse
773 455 779 474 :
800 447 943 482 primum,

168 495 200 520 ut
209 493 364 522 utilitatem
375 494 484 523 civium
494 494 536 522 sic
551 496 697 529 tueantur,
706 495 738 522 ut
748 501 944 530 quaecumque

169 542 267 575 agant,
292 541 331 569 ad
354 549 421 570 eam
440 540 577 576 referant,
603 541 687 570 obliti
711 541 942 570 commodorum

168 595 306 624 suorum,
327 588 492 616 secundum
507 590 688 624 praeceptum
708 588 779 623 fuit,
794 590 827 616 ut
849 590 943 617 totum

168 641 275 670 corpus
285 634 463 671 Reipublicae
477 636 580 663 curent
593 635 806 671 principaliter,
817 643 855 663 ne
871 635 944 663 dum

167 679 300 716 aliquam
315 683 430 717 partem
446 683 581 717 tuentur,
602 681 734 718 reliquas
758 682 903 710 deserant.
921 684 944 711 A

167 727 270 763 spiritu
284 730 382 756 autem
397 729 500 757 divino
513 730 634 757 affectus
650 729 797 758 charitatis
815 729 945 757 infundi-

167 776 224 810 tur,
236 776 268 803 ut
278 776 400 811 patebit,
409 777 460 812 qui
470 776 538 805 licet
551 777 582 804 in
597 776 697 804 multis
714 776 830 805 differat
844 785 861 805 a
873 785 944 814 prae-

166 821 262 856 dictis,
278 821 309 850 in
323 823 422 851 multis
442 825 541 852 tamen
556 824 694 852 convenit
714 832 782 852 cum
797 824 838 852 eis
855 834 861 852 :
876 833 944 861 pro-

166 869 230 904 pter
251 869 334 904 quod
361 869 480 898 difficile
503 873 545 898 est
566 870 747 906 distinguere
776 871 851 899 inter
876 871 944 899 istas

167 914 346 952 affectiones,
363 917 472 945 scilicet
493 917 708 952 charitativam,
724 918 902 953 naturalem,
917 919 944 946 et

167 962 351 998 acquisitam,
365 965 486 1000 propter
498 964 724 993 similitudinem
739 966 858 993 actuum
873 973 943 993 suo-

165 1016 243 1037 rum.

203 1058 235 1085 Et
250 1058 348 1086 tamen
363 1058 409 1087 isti
421 1059 540 1088 habitus
555 1060 695 1088 differunt
711 1069 717 1088 :
733 1060 816 1096 quod
831 1061 944 1088 certum

168 1105 230 1139 est,
256 1105 355 1141 primo
374 1127 384 1140 ,
418 1108 566 1142 quantum
599 1107 638 1134 ad
672 1107 818 1143 originem
834 1129 842 1143 ,
873 1108 945 1143 quia

167 1151 292 1180 charitas
314 1153 439 1188 gratuita
463 1162 480 1181 a
513 1154 578 1182 solo
603 1155 661 1182 Deo
682 1155 944 1190 supernaturaliter

166 1198 340 1228 infunditur.
356 1200 437 1228 Unde
451 1200 521 1229 dicit
534 1201 709 1237 Apostolus²
727 1211 733 1229 :
752 1201 879 1229 Charitas
893 1203 944 1229 Dei

168 1246 271 1280 diffusa
291 1249 330 1274 est
350 1249 380 1274 in
401 1248 524 1275 cordibus
547 1250 647 1276 uostris
671 1256 721 1284 per
745 1249 943 1276 inhabitantem

167 1293 303 1328 Spiritum
316 1296 447 1322 sanctum.
464 1294 515 1322 illa
529 1296 642 1330 autem,
659 1295 769 1323 scilicet
782 1295 941 1331 naturalis,

166 1345 220 1373 per
240 1339 377 1366 naturam
401 1347 469 1366 cum
487 1339 609 1367 homine
636 1340 777 1375 nascitur,
800 1341 827 1367 et
851 1340 943 1368 altera

166 1392 219 1420 per
243 1385 413 1413 exercitium
441 1386 612 1422 acquiritur.
639 1387 775 1414 Secundo
801 1387 942 1414 differunt

166 1433 311 1467 quantum
334 1432 373 1460 ad
396 1433 693 1468 substantialitatem,
723 1434 794 1469 quia
818 1434 943 1462 charitas

166 1478 293 1513 gratuita
316 1480 359 1507 est
379 1479 574 1515 vivificativa,
592 1480 695 1516 purior
720 1482 746 1507 et
769 1480 941 1516 ferventior,

166 1525 237 1561 quia
251 1534 406 1562 nunquam
422 1529 464 1554 est
478 1527 540 1554 sine
555 1527 664 1563 Spiritu
678 1529 780 1555 sancto
791 1549 799 1562 ,
817 1528 868 1564 qui
888 1528 942 1556 da-

166 1574 212 1600 tur
226 1573 257 1600 in
272 1581 324 1607 ea3
341 1576 445 1601 neutra
460 1576 559 1601 autem
578 1574 703 1603 aliarum
718 1574 857 1603 vivificat.
877 1577 944 1603 Ter-

166 1619 206 1647 tio
228 1619 368 1648 differunt
392 1623 536 1656 quantum
560 1621 599 1648 ad
621 1621 849 1657 formalitatem,
873 1622 944 1658 quia

167 1666 292 1694 charitas
307 1667 433 1702 gratuita
455 1667 527 1695 alias
546 1668 681 1702 virtutes,
696 1669 744 1696 vel
766 1669 885 1696 habitus
900 1668 944 1696 in·

165 1712 273 1740 format
287 1714 316 1740 et
335 1713 463 1749 perficit!‚
480 1715 512 1741 ut
527 1714 596 1742 dicit
614 1715 787 1743 Ambrosius
799 1737 807 1750 ‚
825 1716 942 1752 utrique

165 1761 265 1787 autem
279 1759 401 1787 illorum
418 1763 540 1788 manent
562 1761 704 1789 informes
726 1764 754 1789 et
779 1762 942 1799 imperfecti

165 1806 226 1834 sine
240 1807 305 1834 ista.
322 1808 431 1840 Quarto
448 1807 587 1835 differunt
599 1810 744 1844 quantum
759 1809 798 1837 ad
814 1809 882 1837 finis
898 1818 943 1838 ca—

166 1853 322 1889 pacitatem
330 1874 339 1888 ,
357 1853 427 1889 quia
442 1854 567 1882 charitas
590 1856 717 1889 gratuita
732 1857 868 1892 spiritum
888 1857 943 1885 hu-

167 1908 289 1927 manum
305 1908 321 1927 a
337 1900 425 1935 culpa
447 1900 564 1936 educit,
585 1901 615 1928 in
638 1902 764 1936 gratiam
786 1904 941 1939 conducit,

167 1948 195 1974 et
209 1947 267 1973 Deo
292 1946 373 1981 unit,
396 1948 424 1974 et
437 1947 552 1982 ‘gaudio
572 1948 695 1982 perenni
721 1951 748 1976 et
767 1949 943 1984 jubilatione

167 1995 353 2021 consummat
368 1995 395 2021 et
409 1993 532 2029 perficit.
551 1994 632 2022 Unde
657 1995 796 2022 Rabanus
820 1996 851 2023 in
871 2004 944 2032 quo-

167 2040 237 2067 dam
257 2048 391 2067 sermone
413 2040 483 2067 dicit
507 2040 548 2067 sic
566 2050 574 2067 :
594 2041 753 2068 «Charitas
775 2042 836 2069 sive
858 2051 943 2071 amor

166 2086 284 2114 divinus
298 2088 340 2114 est
354 2086 430 2121 ignis
446 2087 476 2114 in
490 2087 682 2114 meditatione
695 2108 703 2120 ,
718 2090 848 2116 mentem
862 2090 943 2125 puri-

165 2133 257 2161 ficans
270 2142 288 2161 a
303 2133 442 2162 sordibus
456 2134 612 2168 vitiorum3
629 2134 681 2162 lux
697 2136 739 2162 est
752 2135 783 2162 in
798 2136 942 2170 oratione,

166 2181 296 2208 mentem
310 2180 455 2208 irradians
470 2181 600 2208 claritate
611 2181 752 2209 virtutum
760 2190 768 2216 ;
784 2182 843 2209 mel
857 2184 898 2209 est
912 2182 943 2210 in

167 2227 328 2262 gratiarum
349 2227 483 2261 actione,
505 2229 634 2255 mentem
659 2228 818 2256 dulcorans
843 2229 943 2257 dulce-

167 2273 236 2301 dine
260 2274 431 2302 divinorum
456 2274 692 2309 beneficiorum5
718 2275 822 2302 vinum
849 2278 891 2304 est
913 2276 944 2304 in

167 2321 427 2357 contemplatione,
441 2324 570 2350 mentem
582 2323 733 2350 inebrians
745 2323 880 2358 jucunda
894 2323 944 2351 de-

167 2368 339 2403 lectatione;
356 2369 401 2396 sol
416 2371 458 2396 est
474 2369 504 2396 in
520 2372 629 2397 {eterna
643 2370 845 2404 beatitudine,
861 2378 943 2399 men-

168 2417 226 2442 tem
240 2415 404 2443 clarificans
418 2416 605 2444 serenissimo
620 2416 733 2444 lumine
759 2418 786 2444 et
806 2417 945 2445 suavissi··

167 2469 217 2488 mo
234 2461 332 2489 calore
343 2483 351 2495 ,
367 2462 535 2490 exhilarans
550 2463 693 2490 ineffabili
709 2463 834 2498 gaudio,
851 2464 881 2491 in
895 2471 944 2499 pe-

168 2508 251 2535 renni
271 2509 457 2543 jubilatione.
474 2519 487 2535 »
513 2511 577 2537 Haec
598 2510 658 2537 ille.
682 2510 800 2538 Nullum
820 2511 944 2539 istorum

169 2556 264 2590 potest
288 2555 428 2590 perficere
450 2556 512 2583 sine
539 2556 695 2590 charitate,
721 2564 777 2584 nec
802 2557 944 2585 naturalis

169 2608 265 2635 amor,
279 2609 334 2629 nec
349 2602 492 2638 acquisita
510 2602 638 2630 dilectio.
655 2604 820 2632 Bernardus
831 2625 839 2639 ‚
855 2612 944 2640 super

204 2700 208 2713 ¹
225 2700 287 2730 Cic„
304 2700 333 2724 cle
348 2700 427 2731 Offic,
446 2701 488 2725 lib.
505 2702 524 2726 l.
542 2714 570 2718 —
586 2702 593 2715 ²
610 2701 685 2730 Rom,
708 2708 731 2733 v,
747 2703 768 2728 5.
788 2716 814 2719 —-
832 2703 842 2718 ³
858 2703 943 2733 Bern.,

1720 238 1773 268 441

1000 305 1123 337 Cantica,
1135 312 1272 333 sermone
1283 304 1543 341 quinquagesimo,
1558 304 1600 331 sic
1613 303 1777 339 distinguit,

1000 351 1100 379 dicens
1113 352 1123 368 ³
1139 360 1147 378 .·
1167 362 1178 376 ιι
1193 353 1239 379 Est
1263 351 1397 386 affectio,
1415 359 1507 388 quam
1531 359 1619 386 caro,
1643 350 1704 378 sive
1728 358 1779 379 na-

999 400 1065 426 tura
1079 397 1187 433 gignit3
1212 399 1254 425 est
1274 398 1409 433 affectio,
1433 406 1525 434 quam
1547 397 1680 426 studiosa
1693 405 1778 425 exer-

1000 444 1098 473 citatio
1113 444 1253 481 acquirit,
1270 444 1331 472 sive
1346 452 1439 480 quam
1452 444 1526 472 ratio
1541 444 1632 480 regit;
1652 445 1680 472 et
1694 444 1779 473 affec·

998 491 1050 526 tio,
1066 499 1158 527 quam
1171 491 1315 528 sapientia
1327 490 1437 519 condit.
1454 491 1517 518 Haec
1531 490 1636 518 ultima
1649 491 1779 527 primam

998 537 1165 572 illuminat,
1190 537 1354 566 secundam
1379 538 1550 565 remunerat
1565 546 1572 565 :
1595 537 1692 573 prima
1713 538 1779 574 qul-

999 584 1069 612 dem
1085 586 1127 612 est
1142 584 1237 612 dulcis
1248 605 1257 618 ,
1273 585 1326 612 sed
1341 584 1455 620 turpis;
1470 584 1602 612 secunda
1624 586 1666 612 est
1686 585 1778 620 sicca,

999 632 1051 660 sed
1065 632 1167 666 fortis;
1183 632 1267 660 tertia
1281 632 1380 660 suavis
1395 633 1423 659 et
1437 631 1567 668 pinguis,
1583 639 1650 668 quae
1663 633 1778 667 gustat,

998 679 1142 714 quoniam
1158 679 1256 706 suavis
1278 681 1320 707 est
1337 678 1489 706 Dominus.
1503 689 1516 705 »
1535 680 1599 706 Haec
1613 678 1674 706 ille.
1694 680 1778 708 Certa

998 728 1099 754 tamen
1114 726 1281 755 differentia
1294 726 1326 754 in
1339 727 1385 754 his
1398 735 1460 755 non
1474 728 1571 763 potest
1585 727 1698 755 haberi.

1225 829 1467 864 DISTINCTIO
1495 831 1552 865 IV.

1018 909 1118 943 Quibus
1135 910 1220 944 signis
1239 911 1264 937 et
1284 909 1444 943 conjecturis
1464 909 1631 937 charitativa
1650 910 1756 945 affectio

1166 954 1393 989 qualitercumque
1411 954 1610 987 manifestetur.

1279 1038 1462 1064 ARTICULUS
1479 1039 1497 1063 l.

1156 1093 1192 1116 De
1209 1092 1288 1124 signis
1305 1092 1435 1116 charitatis
1450 1092 1504 1124 jam
1521 1092 1623 1124 genitae.

1035 1151 1143 1184 Quarto
1166 1150 1255 1185 igitur
1278 1150 1444 1178 videndum
1466 1153 1527 1184 est,
1551 1151 1661 1187 quibus
1687 1151 1778 1187 signis

998 1197 1046 1225 vel
1061 1197 1236 1233 conjecturis
1252 1197 1426 1225 charitativa
1441 1198 1557 1225 affectio
1567 1219 1575 1232 ,
1588 1200 1619 1226 ut
1631 1206 1649 1226 a
1662 1200 1721 1226 Deo
1735 1199 1778 1227 in-

999 1244 1109 1280 spirata
1128 1246 1187 1277 est,
1203 1244 1460 1280 qualitercumque
1475 1247 1679 1280 cognoscatur.
1695 1246 1778 1274 Circa

999 1290 1083 1327 quod
1095 1290 1260 1326 sciendum,
1275 1291 1359 1327 quod
1372 1291 1508 1327 quamvis
1521 1291 1655 1327 Magister
1668 1292 1699 1319 in
1713 1293 1777 1320 Seu-

1000 1340 1092 1365 tentiis
1107 1338 1260 1366 notificare
1275 1338 1384 1366 nitatur
1398 1338 1533 1366 habitum
1552 1339 1700 1367 charitatis
1710 1361 1718 1374 ,
1735 1339 1777 1367 di-

999 1393 1068 1412 cens
1085 1394 1091 1412 :
1107 1385 1263 1413 «Charitas
1278 1386 1322 1412 est
1335 1385 1427 1413 virtus
1441 1386 1577 1421 gratuita,
1594 1386 1778 1415 voluntatem

999 1432 1029 1459 in
1044 1440 1106 1460 esse
1122 1432 1254 1460 secundo
1269 1432 1426 1468 perficiens
1438 1453 1446 1466 ,
1462 1432 1493 1459 in
1508 1433 1612 1460 ordine
1627 1433 1666 1460 ad
1681 1436 1779 1462 actum

1000 1478 1145 1514 diligendi
1180 1481 1317 1515 prompte
1349 1482 1376 1507 et
1400 1479 1532 1514 faciliter,
1557 1482 1679 1516 propter
1698 1489 1728 1508 se
1753 1483 1780 1508 et

999 1534 1089 1561 supra
1104 1526 1222 1560 omnia,
1239 1534 1389 1553 summum
1405 1526 1533 1561 bonum;
1544 1537 1557 1552 »
1576 1529 1603 1555 et
1616 1527 1683 1555 licet
1696 1528 1781 1556 habi-

1000 1574 1045 1599 tus
1065 1572 1253 1600 notificentur
1272 1581 1326 1608 per
1350 1581 1454 1600 eorum
1477 1575 1558 1600 actus
1580 1582 1586 1601 :
1608 1575 1723 1609 tamen,
1748 1576 1781 1602 ut

1000 1627 1090 1655 supra
1110 1619 1223 1655 patuit,
1248 1619 1320 1655 quia
1345 1621 1425 1647 actus
1452 1620 1600 1647 charitatis
1610 1642 1619 1655 ,
1650 1623 1677 1648 et
1700 1622 1780 1649 actus

1000 1666 1110 1694 amoris
1124 1666 1285 1700 naturalis,
1307 1668 1335 1694 et
1355 1667 1504 1702 acquisitae
1527 1667 1692 1695 dilectionis
1713 1670 1781 1696 sunt

1000 1713 1159 1748 simillimi,
1185 1714 1254 1741 ideo
1280 1722 1342 1741 non
1365 1722 1524 1749 possumus
1539 1714 1781 1743 certitudinaliter

1003 1760 1088 1795 scire,
1104 1762 1203 1788 utrum
1219 1761 1384 1788 habeamus
1398 1761 1535 1789 habitum
1550 1761 1727 1790 charitativae
1741 1762 1781 1790 af-

999 1806 1132 1835 fectionis
1147 1818 1152 1834 :
1174 1808 1257 1843 quod
1272 1815 1333 1835 non
1348 1808 1462 1844 absque
1477 1809 1647 1836 rationabili
1662 1817 1751 1837 causa
1763 1818 1780 1838 a

1001 1855 1059 1882 Deo
1081 1854 1252 1882 ordinatum
1275 1857 1339 1882 est:
1365 1856 1393 1882 et
1409 1855 1479 1883 ideo
1500 1857 1615 1891 oportet
1637 1864 1692 1884 nos
1717 1864 1779 1884 esse

1000 1903 1153 1929 contentos
1167 1901 1317 1937 aliquibus
1327 1901 1417 1936 signis
1432 1904 1460 1929 et
1474 1902 1658 1937 conjecturis,
1671 1903 1780 1939 quibus

1000 1948 1167 1984 aliqualiter
1182 1949 1368 1976 confidamus
1387 1949 1422 1984 (a)
1450 1956 1504 1976 nos
1523 1949 1632 1977 habere
1655 1950 1780 1978 charita-

1000 1997 1059 2022 tem
1074 1996 1242 2030 gratuitam.
1261 1997 1291 2023 Et
1308 1996 1379 2031 quia
1393 1996 1448 2023 ista
1462 1997 1547 2031 signa
1561 1999 1588 2024 et
1604 1997 1779 2032 conjecturae

1001 2042 1135 2069 oriuntur
1152 2051 1188 2070 ex
1209 2042 1323 2070 actibus
1347 2043 1512 2077 charitatiS,
1536 2051 1664 2079 quorum
1686 2044 1780 2080 aliqui

1002 2097 1036 2116 ex
1052 2089 1115 2124 ipsa
1130 2088 1270 2116 charitate
1285 2089 1452 2123 eliciuntur,
1468 2089 1559 2125 aliqui
1583 2098 1619 2117 ex
1637 2090 1702 2126 ipsa
1725 2091 1779 2118 im-

999 2137 1152 2170 perantur,
1168 2135 1318 2163 ethorum
1338 2135 1431 2171 aliqui
1454 2138 1521 2163 sunt
1537 2136 1686 2164 charitatis
1706 2137 1779 2165 inci-

1000 2181 1162 2217 pientium,
1192 2183 1219 2209 et
1243 2181 1293 2209 alii
1319 2182 1466 2209 charitatis
1487 2182 1707 2218 proficientium
1717 2205 1725 2218 ,
1751 2186 1780 2212 et

1001 2229 1051 2257 alii
1061 2229 1209 2257 charitatis
1225 2230 1424 2265 perfectorum
1437 2239 1443 2258 :
1456 2232 1577 2266 propter
1588 2231 1671 2267 quod
1681 2232 1777 2260 Sancti

1001 2277 1028 2303 et
1043 2277 1180 2304 Doctores
1194 2276 1288 2312 aliqui
1304 2277 1406 2304 dicunt
1421 2277 1523 2313 aliqua
1534 2278 1620 2313 signa
1634 2287 1697 2306 esse
1710 2279 1778 2307 eha-

999 2323 1092 2350 ritatis
1108 2323 1227 2358 genitae,
1243 2323 1345 2359 aliqua
1365 2324 1529 2359 roboratae,
1547 2326 1574 2352 et
1593 2325 1694 2361 aliqua
1715 2334 1777 2354 esse

1001 2369 1147 2397 charitatis
1159 2370 1244 2405 signa
1253 2370 1316 2405 jam
1328 2369 1474 2406 perfectae.
1487 2372 1518 2398 Et
1533 2371 1618 2406 signa
1632 2372 1778 2400 charitatis

998 2417 1060 2452 jam
1076 2417 1180 2452 genitae
1190 2438 1198 2452 ,
1215 2426 1266 2445 seu
1281 2418 1383 2445 int'usae
1393 2439 1402 2452 ,
1420 2418 1494 2446 sicut
1508 2418 1578 2445 dicit
1592 2419 1757 2447 Bernardus
1767 2436 1781 2455 ,-

1000 2466 1067 2492 sunt
1081 2466 1223 2500 quatuor,
1239 2472 1306 2500 quae
1320 2464 1363 2491 ibi
1381 2466 1520 2492 numerat
1532 2485 1541 2498 ,
1558 2465 1660 2492 dicens
1674 2466 1715 2493 sic
1726 2465 1736 2480 ''
1751 2474 1758 2493 ε

1036 2511 1166 2538 Primum
1177 2511 1295 2546 signum
1307 2511 1454 2538 charitatis
1469 2511 1573 2546 genitae
1587 2512 1648 2539 sive
1662 2512 1777 2548 infusae,

1002 2559 1044 2585 est
1059 2557 1145 2585 dolor
1161 2558 1197 2585 de
1213 2557 1302 2593 culpa
1320 2558 1478 2593 praeterita.
1502 2558 1584 2585 Ratio
1600 2558 1688 2593 hujus
1712 2561 1754 2587 est
1770 2569 1777 2587 :

1002 2604 1127 2632 charitas
1148 2606 1176 2632 et
1190 2604 1277 2640 culpa
1295 2604 1429 2632 mortalis
1445 2607 1647 2640 opponuntur,
1669 2607 1696 2633 et
1709 2605 1778 2634 ideo

1002 2667 1028 2690 in
1049 2666 1132 2695 Cant.,
1153 2673 1230 2691 serm.
1254 2673 1283 2697 L,
1304 2668 1363 2691 ante
1383 2667 1453 2691 med.
1469 2679 1499 2684 —
1519 2668 1529 2684 ⁴
1549 2668 1634 2698 Bern.‚
1653 2674 1730 2693 serm.
1749 2668 1779 2692 de

1002 2702 1098 2727 Omm'b.
1114 2703 1196 2728 Sanct.
1215 2716 1240 2720 —-
1255 2703 1290 2734 (a)
1306 2702 1344 2727 Al.
1359 2702 1519 2727 confidimus.

1807 1160 1892 1185 Quibus

1793 1191 1902 1218 conjectu-

1806 1223 1837 1244 ris
1847 1230 1883 1244 co-

1805 1255 1886 1282 gnosci

1814 1287 1883 1313 possit

1797 1318 1847 1344 quis
1855 1324 1901 1339 non

1812 1349 1841 1370 sit
1851 1350 1872 1370 in

1807 1381 1886 1408 gratia.
