2004 3037
65 2387 120 2412 Spes
136 2386 172 2407 tri-

65 2417 124 2444 plex-

432 191 482 224 131⁴:
506 190 639 224 POENIS
659 189 834 228 lNFERNI,
857 187 990 227 ATQUE
1015 187 1161 220 GLORIA
1183 187 1380 220 PARADISI.
1406 186 1493 220 CAP.
1516 187 1554 220 V.

188 266 272 288 mum
295 259 413 295 signum
433 259 532 288 cordis
551 258 690 294 viventis3
707 257 781 286 elias
794 256 875 285 enim
889 255 964 284 fides

187 308 306 335 mortua
320 308 404 334 estet
425 305 574 341 informis,
594 313 649 334 nec
672 306 715 333 est
735 303 964 332 fundamentum

187 353 303 382 aedifioii
319 353 452 382 ccelesiis.
469 354 502 382 Et
523 353 598 381 sieut
608 352 701 389 jaspis
721 350 804 387 fugat
824 350 966 388 phantas-

189 402 284 435 mata,
309 400 350 428 sic
373 400 448 428 fides
469 399 592 435 vivens,
618 400 646 427 et
671 398 776 426 vivens
800 405 855 434 per
880 397 964 425 bona

188 455 280 484 opera
301 468 310 483 ,
338 447 411 475 vitat
438 445 539 476 omnia
566 445 680 474 diaboli
711 445 961 473 machinamenta.

188 494 272 522 Fides
286 493 374 522 etiam
389 493 477 522 debet
492 500 554 521 esse
571 492 695 521 coelestis
703 513 712 528 ,
726 499 787 520 non
801 493 915 526 terrea3
933 490 965 519 id

188 542 231 568 est.
242 540 279 569 dc
293 540 460 569 coelcstibus
473 540 561 568 bonis
570 561 578 574 ,
595 547 656 568 non
672 539 707 567 de
722 539 864 576 operibus
876 541 964 566 terre-

188 588 233 616 nis
248 588 337 616 anxia
351 597 359 623 3
382 586 519 622 ccelestis,
535 586 566 614 id
581 588 624 614 est
643 585 767 620 divinae,
783 593 845 614 non
859 585 964 613 huma-

188 642 233 662 noe
259 634 367 662 rationi
391 633 492 662 innixa
508 655 517 669 ,
545 633 617 670 quia
648 633 719 661 dicit
745 632 901 668 Gregorius
921 631 929 648 ¹
955 641 962 660 :

191 691 204 708 α
219 681 302 710 Fides
315 689 377 709 non
396 680 488 709 habet
507 680 659 714 meritum,
675 680 728 708 ubi
742 680 874 708 humana
888 679 962 707 ratio

187 729 299 765 praebet
313 728 558 764 experimentum.
574 738 587 753 n
605 729 637 756 Et
651 727 708 755 hoc
724 727 821 763 signat
835 726 964 763 sapphy-

187 783 251 808 rn5‚
268 774 320 811 qui
335 775 425 803 habet
440 775 589 803 coelcstem
605 774 751 809 colorem,
766 775 840 802 sicut
856 774 963 802 coelum

188 830 335 850 serenum.
357 823 389 850 Et
407 822 483 849 sicut
504 821 614 850 nobilis
634 821 801 858 sapphyrus
816 820 899 856 fugat
913 829 964 849 ve-

188 877 314 904 nenosa,
331 871 358 897 et
377 868 535 897 mortificat
556 876 716 903 araneam;
734 868 775 896 sic
797 876 868 896 vera
888 868 963 895 fides

188 916 344 944 venenosis
359 915 596 951 suggestionibus
615 915 736 949 resistit,
753 917 780 942 et
799 915 964 950 culpam-in

188 963 278 990 corde
293 962 414 997 occidit,
431 970 465 990 ae
481 962 517 990 de
538 962 628 990 corde
646 962 775 998 expellit.
795 961 876 989 Unde
893 961 964 989 dici-

188 1011 234 1038 tur
247 1008 258 1024 ²
276 1010 363 1037 :Fide
384 1011 534 1044 purificans
557 1009 637 1036 corda
658 1017 757 1036 corum.
774 1008 868 1037 Tertio
887 1008 963 1036 fides

188 1055 277 1084 debet
291 1064 352 1083 esse
367 1055 464 1090 fortis,
479 1063 540 1083 non
555 1055 688 1090 infirma,
706 1057 809 1084 contra
823 1063 961 1091 perseeu-

186 1103 281 1131 tiones
295 1105 323 1130 et
340 1102 474 1138 pericula
487 1102 643 1137 universa,
659 1104 687 1131 et
702 1102 852 1130 diabolica
867 1110 961 1130 nocu-

186 1152 300 1185 menta,
315 1149 386 1185 quia
405 1149 513 1177 dicitur
528 1149 565 1177 de
590 1148 733 1177 diabolo³
749 1158 755 1176 :
774 1150 824 1177 Cui
842 1150 962 1176 resistite

185 1198 269 1231 fortes
284 1198 313 1224 in
333 1197 394 1232 fide.
419 1198 450 1224 Et
467 1196 524 1224 hoc
545 1196 641 1231 signat
665 1196 892 1231 chalcedonius,
909 1197 961 1232 qui

185 1244 215 1271 in
232 1243 332 1271 colore
356 1245 398 1271 est
416 1243 562 1280 pallidus,
581 1246 609 1271 et
624 1244 720 1272 omnis
744 1244 900 1279 sculpturae
915 1251 961 1271 re—

184 1290 338 1326 pulsivus,·
364 1290 446 1318 omni
465 1298 595 1326 namque
617 1290 774 1327 sculpturae
795 1291 918 1325 resistit,
934 1293 962 1319 et

184 1337 299 1365 nullam
323 1337 426 1373 recipit
447 1347 453 1365 :
474 1337 515 1364 sic
537 1337 588 1373 qui
609 1337 699 1368 habet
721 1345 823 1365 veram
846 1338 959 1373 fidem,

185 1384 288 1422 utique
301 1392 354 1420 per
369 1385 571 1420 poenitentiam
589 1387 631 1412 est
647 1384 777 1420 pallidus
793 1386 820 1412 et
838 1385 960 1413 mortifi-

185 1434 281 1466 catus,
297 1431 349 1459 sed
362 1431 476 1458 nullam
495 1431 677 1467 sculpturam
699 1433 872 1459 extraneam
893 1440 961 1468 pec-

185 1479 241 1506 cati
256 1478 371 1513 recipit,
387 1478 440 1505 sed
454 1486 555 1505 secum
571 1481 725 1506 conservat
743 1479 839 1506 solam
853 1479 961 1515 imagi-

184 1533 254 1553 nem
279 1525 342 1559 Dei,
368 1525 407 1552 ad
431 1533 521 1561 quam
546 1526 588 1552 est
612 1527 736 1552 creatus.
762 1525 842 1553 Unde
866 1527 959 1561 nota,

185 1572 269 1608 quod
292 1572 453 1605 diabolus,
475 1571 506 1599 in
528 1571 637 1607 quibus
660 1579 721 1599 non
743 1571 855 1600 invenit
869 1573 960 1600 fidem

185 1618 376 1652 catholicam,
391 1618 439 1646 vel
459 1618 584 1653 fortem,
607 1619 638 1645 in
662 1618 719 1646 illis
733 1618 841 1654 sculpit
860 1621 887 1647 et
900 1619 960 1647 for-

184 1668 246 1694 mat
259 1666 387 1701 figuram
401 1665 510 1700 leonJ'S,
526 1665 555 1692 id
572 1667 615 1693 est
628 1667 783 1701 peccatum
798 1667 957 1703 superbiae3

184 1713 215 1741 in
229 1712 410 1749 quibusdam
424 1712 553 1747 figuram
567 1712 705 1740 draconis
717 1734 726 1748 ,
741 1713 773 1740 id
791 1714 835 1740 est
854 1721 960 1750 pecca-

184 1761 248 1787 tum
261 1759 397 1795 invidiae;
413 1759 444 1787 in
463 1759 646 1795 quibusdam
667 1760 793 1795 figuram
815 1760 913 1794 canis,
928 1761 960 1788 id

183 1809 225 1835 est
237 1809 392 1843 peccatum
414 1807 483 1842 irae3
498 1806 528 1834 in
551 1807 733 1843 quibusdam
754 1807 889 1842 figuramj
905 1807 960 1835 tal-

181 1861 243 1889 pae,
261 1853 293 1881 id
318 1855 359 1881 est
381 1856 535 1889 peccatum
558 1853 753 1888 avaritiae31u
777 1854 960 1889 quibusdam

182 1899 311 1935 figuram
332 1900 423 1933 asini,
438 1899 470 1927 id
485 1902 527 1927 est
540 1902 695 1936 peceatum
709 1900 834 1936 acediae3
850 1901 881 1928 in
896 1901 960 1937 qui—

182 1946 312 1974 busdam
332 1946 461 1981 figuram
475 1947 556 1982 lupi,
572 1946 604 1973 id
626 1949 668 1974 est
691 1949 844 1982 peccatum
865 1948 957 1983 gulae3

182 1993 213 2021 in
236 1993 417 2029 quibusdam
440 1992 569 2028 figuram
592 1994 668 2026 ursi,
683 1994 715 2021 id
738 1996 780 2021 est
802 1997 958 2030 peccatum

182 2039 316 2067 luxuriae.
345 2041 452 2067 Contra
480 2039 564 2075 quod
592 2042 692 2068 monet
716 2041 872 2076 Apostolus
884 2062 892 2075 ,
914 2041 959 2068 di-

183 2086 275 2114 censb
290 2095 296 2114 :
313 2087 405 2116 Nolite
433 2087 599 2120 conformari
627 2087 688 2114 huic
715 2088 833 2121 saeculo,
857 2087 889 2114 id
917 2089 960 2115 est

182 2133 323 2170 peccatis,
340 2141 405 2170 quae
420 2135 487 2161 sunt
500 2133 532 2160 in
545 2133 603 2161 hoc
614 2133 735 2161 soeculo.

217 2181 353 2209 Secunda
377 2181 489 2208 trinitas
518 2180 655 2215 lapidum
688 2182 730 2208 est
757 2181 934 2216 smaragdus
950 2202 959 2215 ,

183 2228 334 2264 sardonyx
349 2230 376 2255 et
390 2227 514 2255 sardius.
532 2229 564 2254 Et
579 2227 624 2254 isti
639 2229 696 2254 tres
710 2227 825 2263 lapides
839 2228 959 2263 pretiosi

184 2275 300 2310 signant
313 2283 413 2311 spem,
429 2282 496 2310 quae
510 2274 600 2302 habet
613 2274 745 2302 similiter
760 2275 895 2302 nobilem
910 2275 960 2302 tri-

185 2322 305 2349 nitatem
322 2322 367 2357 (a).
393 2323 440 2349 Est
454 2321 533 2348 enim
552 2329 619 2356 spes
633 2321 743 2356 veniae,
760 2329 825 2357 spes
848 2322 958 2357 gratiae,

186 2371 214 2397 et
227 2377 292 2405 spes
307 2369 417 2405 gloriae.
444 2370 516 2405 Spes
530 2370 622 2397 venire
642 2369 787 2405 figuratur
805 2378 859 2406 per
881 2378 959 2397 sma-

186 2417 313 2451 ragdum
324 2438 334 2452 ,
349 2417 400 2452 qui
413 2416 544 2444 colorem
558 2417 648 2444 habet
661 2417 789 2444 viridem
806 2419 834 2445 et
849 2417 958 2452 gratio-

186 2471 252 2490 sum
263 2483 271 2497 ,
287 2465 315 2490 et
329 2466 412 2491 curat
426 2463 558 2491 diversas
572 2463 755 2491 infirmitates
768 2484 777 2497 ,
800 2466 828 2491 et
848 2464 959 2500 specia-

186 2509 251 2537 liter
265 2510 405 2538 morbum
420 2510 576 2538 caducum.
594 2510 683 2538 Color
696 2510 798 2538 viridis
813 2512 841 2538 et
854 2510 960 2546 gratio-

221 2585 225 2598 ¹
242 2584 328 2614 Greg.,
347 2585 373 2608 in
390 2585 498 2616 Erana,
513 2584 583 2608 hom.
600 2589 675 2614 xxvi,
691 2590 744 2608 non
758 2584 833 2615 longe
849 2591 863 2608 a
879 2584 958 2615 princ.

187 2620 236 2638 —2
246 2621 311 2650 Act„
329 2627 370 2649 xv,
386 2623 408 2644 9.
421 2633 449 2638 ·—
462 2621 588 2649 ³1Pet2-.,
603 2625 628 2650 v,
643 2621 666 2643 9.
679 2633 710 2637 --
720 2620 728 2633 ⁴
741 2621 819 2649 Rom„
832 2626 880 2650 xil,
893 2622 916 2644 2.
930 2633 960 2637 —

187 2656 197 2672 ¹⁵
211 2656 278 2686 Luta,
293 2662 336 2687 XV,
355 2657 393 2680 10.
405 2670 435 2674 —
451 2657 460 2671 *²
475 2656 543 2680 Psal.
558 2661 652 2686 xxxxii,
668 2657 707 2679 253.
723 2669 750 2673 -—
763 2657 773 2674 '¹
791 2657 875 2687 Proin,
889 2661 959 2683 xx1v,

1737 188 1796 218 339

1020 263 1069 284 sus
1083 255 1115 284 in
1135 255 1296 292 smaragdo
1319 255 1416 292 signat
1435 254 1574 283 virtutem
1589 253 1709 290 gratiae,
1730 261 1798 290 quae

1019 301 1122 338 incipit
1135 310 1189 339 per
1203 310 1287 339 spem
1302 302 1396 331 veniae
1418 301 1594 330 reviviscere
1613 301 1644 329 in
1658 301 1722 330 viro
1736 308 1797 338 poe-

1018 349 1121 378 nitenti
1136 351 1164 377 et
1178 349 1314 378 contrito.
1338 350 1371 377 Et
1384 349 1459 377 sicut
1476 347 1559 377 color
1580 347 1732 384 smaragdi
1757 349 1799 376 est

1018 395 1107 424 valde
1133 396 1294 432 gratiosus,
1313 396 1355 424 sic
1378 395 1534 424 conversio
1558 394 1722 432 peccatoris
1745 402 1799 431 per

1018 443 1222 479 poenitentiam
1236 442 1454 477 reviviscentis,
1474 443 1517 470 est
1537 441 1666 477 gratiosa
1686 443 1744 470 Deo
1770 443 1798 470 et

1019 490 1143 527 angelis.
1160 491 1241 519 Unde
1258 490 1363 519 dicitur
1374 490 1384 506 ¹⁵
1399 498 1405 517 :
1425 489 1561 518 Gaudium
1575 491 1615 517 est
1630 490 1734 524 angelis
1748 489 1800 516 Dei

1018 545 1098 573 super
1113 546 1166 565 uno
1180 539 1317 573 peccatore
1332 537 1520 572 poenitentiam
1541 538 1645 571 aqente.
1672 537 1704 563 Et
1724 535 1799 563 sicut

1019 584 1195 620 smaragdus
1206 583 1288 620 sugat
1302 583 1399 611 febres
1414 584 1443 610 et
1454 583 1538 611 curat
1550 582 1693 610 morbum
1708 582 1798 610 cadu-

1020 639 1107 667 cum3
1121 631 1163 659 sic
1178 639 1245 667 spes
1259 630 1353 658 veniae
1368 629 1452 665 sugat
1466 629 1653 664 tentationes,
1673 630 1702 656 et
1716 631 1800 657 sanat

1020 686 1108 706 omne
1123 679 1297 715 peecatum,
1312 677 1401 714 quia,
1420 678 1453 705 ut
1468 676 1574 704 dicitur
1589 676 1620 704 in
1635 676 1751 704 Psalmo
1764 677 1774 693 ⁶
1791 685 1797 704 :

1019 727 1080 755 Non
1100 726 1257 761 delinquent
1281 732 1370 752 omnes
1392 725 1440 760 qui
1458 725 1569 759 sperant
1590 725 1620 751 in
1643 731 1680 751 ea.
1711 724 1744 751 Et
1769 723 1799 751 in

1021 773 1174 801 Proverbiis
1196 771 1303 800 dicitur
1323 771 1333 788 '¹
1356 771 1483 806 :Septies
1506 770 1537 798 in
1565 769 1614 798 die
1641 770 1717 798 cadit
1737 770 1799 805 jus-

1020 823 1080 854 tus,
1096 823 1121 849 et
1136 822 1265 856 resurget¹
1282 819 1394 856 Septies
1409 819 1439 847 in
1455 819 1503 847 die
1519 819 1599 847 cadit
1612 826 1666 855 per
1679 818 1798 846 ruinam

1019 868 1198 904 septiformis
1218 867 1327 904 culpae,
1344 867 1455 895 scilicet
1469 865 1632 902 superbiae,
1647 865 1714 900 irae,
1729 873 1799 894 ava-

1018 914 1107 950 ritiae,
1124 914 1246 949 acidiae,
1262 914 1338 949 gulae
1349 936 1357 949 ,
1373 913 1493 941 invidiae
1508 915 1536 941 et
1556 913 1679 942 luxuriae
1685 923 1694 947 ,·
1710 914 1738 940 et
1758 915 1799 941 ta-

1018 969 1088 989 men
1102 962 1236 996 resurget
1250 961 1280 988 in
1295 961 1404 989 virtute
1421 962 1449 988 et
1468 960 1499 987 in
1515 959 1646 988 efficacia
1663 959 1798 996 septifor-

1017 1009 1073 1036 mis
1088 1009 1196 1043 gratiae.
1210 1009 1282 1044 Spes
1297 1009 1395 1035 autem
1411 1007 1512 1042 gratirc
1526 1008 1568 1034 est
1581 1015 1640 1043 qua
1653 1007 1719 1043 quis
1734 1015 1794 1035 non

1018 1055 1141 1083 confidit
1162 1055 1198 1083 de
1220 1055 1333 1083 viribus
1355 1054 1504 1091 propriis,
1530 1061 1584 1081 uec
1611 1053 1648 1081 de
1667 1053 1797 1089 divitiis,

1017 1102 1070 1130 sed
1085 1101 1187 1129 solum
1203 1101 1240 1129 de
1256 1101 1351 1137 gratia
1367 1101 1432 1136 Dei,
1453 1103 1485 1129 ut
1500 1100 1623 1128 dicitur⁸
1639 1108 1647 1129 ι
1663 1101 1799 1128 Maledic-

1018 1151 1060 1177 tus
1074 1150 1148 1176 homo
1165 1150 1213 1184 qui
1228 1149 1339 1183 confidit
1356 1150 1385 1175 in
1402 1148 1524 1181 homine,
1546 1150 1571 1175 et
1593 1149 1672 1183 ponit
1691 1156 1798 1176 carnem

1017 1197 1168 1230 brachium,
1184 1195 1216 1223 id
1231 1197 1292 1228 est,
1309 1194 1458 1223 carnalem
1472 1194 1637 1228 hominem,
1648 1194 1796 1222 fortitudi-

1017 1251 1095 1271 nem.
1110 1244 1142 1270 Et
1156 1242 1288 1279 sequitur
1303 1242 1313 1259 ⁹
1328 1252 1335 1270 ε
1354 1243 1455 1270 Beatus
1471 1243 1519 1277 qui
1533 1241 1645 1276 confidit
1660 1242 1690 1268 in
1706 1243 1798 1269 Domi-

1017 1299 1061 1326 no,
1073 1293 1098 1318 et
1108 1293 1147 1318 est
1159 1292 1290 1318 Dominus
1301 1291 1401 1326 fiducia
1408 1290 1473 1324 eJ'us.
1485 1289 1560 1318 Talis
1570 1289 1691 1325 quinon
1700 1289 1798 1317 solum

1017 1339 1115 1374 sperat
1128 1338 1158 1365 in
1169 1337 1308 1366 omnihus
1319 1337 1418 1372 bonis,
1430 1338 1458 1365 et
1471 1336 1502 1364 in
1513 1337 1599 1365 malis
1611 1336 1666 1364 nisi
1682 1337 1719 1365 de
1734 1337 1798 1365 sola

1018 1385 1111 1420 gratia
1137 1385 1201 1420 Dei,
1222 1387 1299 1413 recte
1329 1385 1475 1420 figuratur
1497 1393 1552 1421 per
1577 1384 1776 1420 sardonyeem
1786 1406 1795 1420 ,

1018 1441 1088 1460 nam
1113 1433 1264 1469 sardonyx
1290 1435 1332 1460 est
1354 1432 1486 1467 tricolor,
1510 1432 1540 1460 in
1567 1432 1628 1460 imo
1647 1432 1741 1468 niger,
1766 1432 1797 1460 in

1018 1479 1118 1507 medio
1134 1480 1295 1513 candidus,
1306 1480 1336 1507 in
1351 1487 1490 1515 supremo
1506 1479 1707 1514 rubicundus,
1725 1480 1796 1516 quia

1017 1535 1084 1562 spes
1102 1527 1202 1562 gratice
1223 1526 1291 1554 facit
1309 1526 1365 1554 tria
1386 1527 1469 1554 bona
1489 1526 1519 1554 in
1544 1529 1690 1562 sperante.
1718 1527 1796 1556 Facit

1017 1573 1096 1601 enim
1109 1574 1179 1608 ima,
1194 1573 1225 1600 id
1240 1575 1297 1608 est,
1313 1575 1429 1601 terrena
1442 1573 1607 1609 nigrescere
1624 1576 1652 1602 et
1667 1576 1795 1602 contem-

1017 1628 1102 1655 nere,
1119 1623 1147 1648 et
1162 1620 1223 1648 ima
1239 1619 1347 1647 inferni
1362 1620 1473 1648 timere.
1491 1620 1570 1648 Facit
1581 1620 1612 1647 in
1626 1620 1727 1648 medio
1738 1641 1749 1655 ,
1763 1621 1794 1649 id

1018 1670 1073 1703 est,
1093 1668 1124 1695 in
1139 1668 1229 1696 corde
1245 1667 1409 1695 candidum
1420 1689 1429 1702 ‚
1453 1667 1485 1695 id
1500 1670 1559 1703 est,
1584 1669 1697 1696 castum
1713 1677 1774 1697 esse
1784 1691 1793 1705 ,

1015 1715 1099 1750 juxta
1121 1715 1196 1742 illud
1215 1714 1323 1742 Psalmi
1338 1714 1359 1732 ¹⁰
1373 1723 1380 1742 ε
1397 1715 1447 1743 Cor
1462 1715 1593 1742 mundum
1617 1723 1675 1743 crea
1691 1717 1722 1743 in
1736 1725 1794 1750 me,

1017 1763 1098 1790 Deus.
1122 1762 1200 1790 Facit
1215 1761 1303 1790 etiam
1317 1761 1348 1789 in
1369 1770 1526 1798 supremo,
1547 1762 1579 1789 id
1595 1764 1637 1790 est
1651 1783 1657 1794 ‚
1673 1762 1704 1790 in
1719 1764 1793 1798 Deo,

1016 1809 1174 1837 rubescere
1194 1817 1248 1845 per
1272 1808 1463 1843 charitatem,
1484 1811 1511 1837 et
1533 1809 1605 1837 vino
1629 1809 1795 1838 dilectionis

1017 1855 1066 1883 Dei
1081 1858 1109 1883 et
1122 1855 1251 1891 proximi
1270 1855 1455 1883 odoriferum
1470 1864 1542 1884 esse.
1558 1856 1666 1884 Dicitur
1681 1858 1701 1874 ²¹
1720 1866 1726 1884 :
1741 1857 1794 1885 Su-

1013 1911 1063 1938 per
1076 1904 1187 1938 vinum,
1203 1902 1235 1930 id
1250 1904 1292 1930 est
1306 1902 1467 1938 plusquam
1483 1903 1604 1937 vinum,
1620 1904 1741 1938 diligyunt
1758 1907 1792 1931 te.

1017 1951 1049 1977 Et
1071 1949 1145 1977 sicut
1168 1949 1320 1985 sardonyx
1335 1949 1404 1977 facit
1425 1949 1579 1977 hominem
1599 1950 1743 1978 humilem
1768 1953 1795 1978 ct

1016 1996 1172 2032 pudicum,
1189 1998 1216 2023 et
1231 1996 1453 2031 charitativum3
1472 1996 1512 2024 sic
1528 2005 1594 2032 spes
1610 1997 1717 2024 divinae
1730 2005 1795 2032 gra-

1017 2043 1062 2071 tiae
1076 2043 1145 2070 facit
1164 2043 1318 2071 hominem
1340 2044 1535 2079 descendere,
1556 2047 1584 2071 et
1607 2044 1644 2072 de
1665 2045 1794 2080 propriis

1016 2089 1126 2117 meritis
1141 2097 1203 2118 non
1218 2090 1371 2125 superbire
1384 2112 1391 2125 ,
1408 2092 1434 2117 et
1450 2090 1480 2118 in
1494 2090 1559 2118 solo
1575 2092 1634 2119 Deo
1656 2100 1791 2127 sperare,

1017 2129 1088 2172 quia
1100 2136 1267 2172 specialiter
1280 2137 1317 2164 de
1329 2137 1577 2172 praesumentibus
1591 2137 1628 2165 de
1640 2146 1670 2165 se
1687 2138 1794 2167 dicitur

1017 2182 1047 2210 in
1068 2182 1183 2210 Psalmo
1201 2183 1218 2199 ¹¹³
1239 2192 1245 2210 :
1262 2184 1327 2210 Ecce
1343 2185 1434 2218 homo,
1456 2186 1503 2219 qui
1523 2192 1576 2212 non
1597 2187 1690 2220 posuit
1711 2186 1794 2214 Deum

1017 2229 1168 2264 adjutorem
1185 2238 1278 2262 suum,
1300 2230 1346 2258 sed
1362 2233 1483 2265 speravit
1502 2232 1532 2258 in
1551 2232 1730 2260 multitudine
1748 2233 1794 2260 di-

1015 2278 1149 2304 vitiarum
1168 2285 1295 2309 suarum,
1322 2280 1348 2305 et
1367 2279 1512 2313 praevaluit
1534 2280 1563 2306 in
1590 2280 1714 2307 vanitate
1732 2288 1792 2308 sua.

1016 2324 1086 2359 Spes
1100 2323 1201 2358 gloriae
1216 2325 1258 2352 est
1272 2326 1350 2352 certa
1364 2327 1392 2352 et
1406 2333 1510 2353 secura
1526 2326 1689 2361 expectatio
1704 2326 1794 2354 futuri

1017 2371 1046 2397 et
1058 2370 1157 2397 aeterni
1173 2370 1260 2406 boni,
1277 2379 1313 2398 ex
1329 2372 1423 2407 gratia
1437 2374 1465 2400 et
1478 2373 1589 2400 meritis
1602 2373 1791 2409 provenienS,

1017 2418 1049 2444 ut
1064 2416 1134 2444 dicit
1153 2417 1286 2452 Magister
1305 2419 1520 2446 Sententiarum
1536 2420 1567 2446 1³.
1583 2420 1638 2448 lsta
1652 2420 1747 2455 gloria
1761 2420 1794 2447 fi·
1825 2426 1828 2428 “

1017 2465 1138 2498 guratur
1155 2472 1208 2500 per
1227 2465 1360 2492 sardium
1370 2486 1380 2500 ,
1395 2465 1447 2502 qui
1462 2467 1504 2493 est
1517 2466 1599 2494 rubei
1615 2466 1722 2495 coloris
1731 2487 1740 2501 ,
1757 2474 1792 2494 eo

1020 2538 1057 2560 16.
1068 2549 1098 2555 -
1114 2538 1122 2551 ⁸
1133 2538 1235 2566 leram..
1251 2545 1313 2569 xvn,
1329 2540 1352 2563 5.
1366 2553 1391 2556 —
1409 2541 1418 2554 ¹³
1436 2540 1508 2569 ibid¹²
1525 2542 1546 2564 ἵ,
1561 2554 1591 2558 ——
1606 2542 1624 2555 ¹⁰
1636 2541 1702 2565 Psal.
1716 2547 1740 2570 L,
1755 2543 1792 2564 12.

1018 2585 1049 2589 -—
1063 2574 1077 2587 ¹¹
1097 2572 1180 2605 Cant,
1199 2580 1215 2603 1,
1232 2577 1252 2599 4.
1271 2588 1297 2592 ——
1314 2575 1332 2590 ¹²
1344 2575 1412 2599 Psal.
1427 2581 1464 2606 LI,
1479 2576 1502 2600 9.
1519 2590 1546 2593 —
1564 2577 1581 2592 ¹³
1595 2577 1674 2605 Seut„
1689 2576 1733 2600 lib.
1749 2577 1793 2606 ΙΙΙ,

1018 2607 1075 2632 dist.
1092 2615 1162 2633 xxvi.
1178 2610 1237 2634 Vid.
1251 2610 1306 2641 huj.
1322 2610 1381 2634 edit.
1397 2612 1460 2635 tom.
1476 2612 1519 2642 lv,
1534 2618 1592 2642 pag.
1609 2613 1664 2636 501.

1050 2655 1082 2686 (a)
1100 2655 1163 2680 Cret.
1180 2656 1240 2682 edit.
1254 2657 1404 2681 claritatem.
