2004 3037
708 250 1041 284 CONFESSIONALE.
1066 252 1153 285 CAP.
1176 253 1212 286 V.

147 317 266 354 quinis).
286 317 454 347 Ber-nardus
475 318 508 347 in
528 320 657 355 Appen:
675 327 690 346 α
703 318 733 347 Si
753 319 868 348 tantum
881 318 927 347 in-

147 366 251 400 terest,
264 367 387 403 propter
403 365 462 394 hoc
482 373 545 395 non
557 365 677 395 videtur
694 365 866 402 irregularis
882 365 926 394 ef-

146 412 207 448 fici,
220 412 269 442 vel
284 412 393 442 debere
409 412 537 450 deponi,
553 412 607 441 sed
621 413 695 442 alias
711 413 800 442 debet
814 413 926 450 puniri,

147 459 217 497 quia
227 459 358 490 interruit
369 461 469 489 contra
483 461 664 497 praeceptum
678 460 749 489 dicti
763 460 896 489 canonis.
908 469 922 487 >v

390 544 571 570 PARTICULA
589 545 678 571 thv.

180 602 249 632 Sihi
261 602 313 640 qui
326 602 454 631 retinent
467 602 658 640 beneficium,
674 603 723 632 vel
736 603 872 639 feudum,
886 604 924 632 de

145 649 281 685 ecclesia,
291 649 349 686 ipsi
363 648 493 678 ecclesiae
505 657 666 686 personam
681 650 854 686 occiderint,
869 649 924 678 filii

144 703 249 724 eorum
268 703 362 733 usque
383 695 415 725 in
435 698 571 733 quartam
586 697 808 733 generationem
822 697 853 725 in
867 697 924 726 cle-

142 741 220 771 ricos
233 749 296 771 non
308 742 419 772 debent
431 744 604 780 promoveri
619 744 734 781 (Extra.
737 765 747 780 ,
759 744 796 773 de
812 745 924 780 PoeniS,

142 797 167 817 c.
179 790 211 818 In
221 790 394 825 quibusdam.
405 790 415 827 )
427 790 592 820 Bernarclus
606 791 637 820 in
650 793 777 828 Appara.
794 791 864 820 dicit
877 799 923 820 se-

142 837 275 866 cundum
288 839 448 874 Joannem,
472 839 556 875 quod
570 839 726 876 episcopus
743 841 839 876 potest
854 847 923 868 cum

141 884 250 913 talibus
262 885 450 922 dispensare3
462 885 621 914 honestum
631 888 732 915 tamen
742 888 828 922 esset,
838 885 922 922 quod

142 931 243 960 nullus
266 933 424 969 episcopus
446 933 477 960 in
498 932 556 961 hoc
579 941 649 962 casu
671 932 870 970 dispensaret,
890 935 922 962 ut

142 986 234 1015 supra
247 978 360 1007 dictum
374 981 426 1008 est.

394 1064 575 1089 PARTICULA
592 1065 668 1090 XLV.

176 1120 232 1155 Qui
247 1128 304 1157 pro
320 1121 507 1150 ordinatione
525 1130 580 1152 sua
599 1123 796 1159 promissum,
809 1124 860 1153 vel
871 1125 919 1160 ju-

139 1169 308 1196 ramentum
325 1168 427 1197 fecerit
441 1169 622 1205 ordinatori,
637 1170 685 1198 vel
699 1171 917 1207 praesentatori,

139 1214 223 1251 quod
237 1223 289 1244 eos
302 1223 391 1252 super
402 1216 572 1252 provisione
584 1225 638 1245 sua
651 1225 714 1245 non
728 1217 916 1254 inquietabit,

140 1269 209 1290 cum
224 1270 259 1291 eo
274 1270 337 1290 non
351 1262 512 1299 dispensat,
526 1263 582 1291 nisi
592 1265 670 1300 Papa
686 1265 806 1300 (Extra,
823 1265 859 1293 de
874 1265 917 1293 Si-

138 1309 251 1344 monia,
267 1318 292 1337 c.
304 1309 335 1338 Si
351 1311 411 1346 quis
425 1311 595 1347 ordinavit.)

384 1396 564 1422 PARTICULA
582 1396 671 1421 XLVI.

173 1452 228 1486 Qui
251 1460 269 1481 a
291 1453 456 1482 simoniaco
482 1454 638 1482 ordinatur
667 1454 827 1491 episcopo,
855 1454 916 1484 sive

137 1500 207 1527 tunc
223 1498 295 1527 sciat
310 1507 372 1528 esse
387 1499 595 1535 simoniacum,
610 1501 671 1529 sive
690 1509 752 1529 non
777 1502 878 1538 (caus,
894 1509 915 1538 1,

137 1547 239 1581 quaest.
255 1553 280 1580 1,
296 1555 321 1574 c.
341 1546 372 1574 Si
391 1548 440 1582 qui
454 1555 470 1574 a
484 1547 669 1583 simoniacis.)
693 1547 750 1576 Sed
764 1548 795 1576 in
817 1548 915 1585 primo

137 1599 207 1620 casu
234 1592 296 1620 sine
333 1593 537 1622 misericordia
561 1594 721 1630 deponitur
755 1595 858 1631 (caus.
885 1596 915 1630 Ι,

136 1641 237 1675 quaest.
253 1647 282 1675 1,
299 1648 323 1668 c.
344 1642 381 1668 De
397 1643 502 1676 caetero,
518 1641 575 1669 nisi
591 1641 736 1670 violenter
755 1642 915 1670 attrahatur

134 1686 145 1722 (
159 1694 238 1721 caus.
254 1695 281 1721 ι,
294 1689 396 1723 quaest.
415 1695 435 1722 1,
450 1696 474 1715 c.
496 1688 625 1724 Constat).
640 1690 672 1717 In
690 1689 823 1718 secundo
843 1697 914 1718 casu

133 1732 313 1770 dispensatio
333 1734 484 1770 toleratur,
499 1736 530 1763 ut
547 1734 580 1763 in
600 1743 665 1773 cap.
686 1736 717 1764 Si
736 1737 785 1772 qui
800 1744 817 1764 a
834 1738 914 1764 simo-

131 1782 229 1808 niacis.

375 1818 555 1843 PARTICULA
573 1819 673 1844 XLVII.

168 1875 223 1909 Qui
248 1875 385 1904 ordinem
406 1876 455 1904 vel
479 1877 660 1905 beneficium
684 1877 808 1914 aliquod
829 1877 913 1914 spiri-

131 1922 210 1950 tuale
229 1921 332 1958 aliquo
351 1923 438 1957 dato,
460 1923 508 1951 vel
527 1924 693 1960 promisso,
716 1925 764 1953 vel
786 1926 912 1959 retento,

130 1968 178 1996 vel
198 1968 229 1996 in
244 1969 414 2004 pactionem
430 1969 570 2005 deducto,
592 1971 641 1999 vel
655 1971 794 2007 precibus
810 1979 913 2000 carna-

129 2014 208 2042 libus
222 2014 269 2043 vel
284 2015 401 2050 alienis,
422 2016 565 2052 receperit
589 2017 692 2053 (Caus.
714 2026 740 2052 1,
766 2020 867 2054 quaest.
883 2026 910 2053 1,

130 2069 155 2088 c.
175 2061 384 2097 Ordinationes,
405 2062 474 2090 Sunt
489 2064 629 2096 ¹110n72ulli,
645 2064 797 2092 Statuz'mus
820 2065 910 2092 decre-

130 2111 186 2136 tum
194 2130 203 2144 ,
218 2109 249 2137 Si
263 2111 311 2145 qui
323 2118 340 2137 a
353 2111 539 2147 simoniacis).

364 2194 543 2219 PARTICULA
563 2195 678 2220 XLVUI.

162 2254 235 2281 Nota
249 2253 333 2289 quod
349 2253 529 2282 simoniacus
543 2254 574 2282 in
596 2254 715 2289 ordine,
731 2255 791 2283 sive
812 2255 847 2283 sit
862 2263 911 2283 oc-

127 2300 255 2335 cultum,
276 2300 338 2327 sive
353 2300 559 2335 manifestum,
574 2309 734 2337 suspensus
749 2303 792 2329 est
805 2302 910 2338 quoad

126 2354 170 2381 se,
187 2349 215 2374 et
234 2347 338 2383 quoad
360 2347 445 2375 alios.
470 2347 606 2376 Similiter
621 2349 800 2376 simoniacus
814 2349 844 2376 in
858 2349 911 2376 be-

126 2393 231 2420 neficio
243 2393 357 2428 dando,
367 2394 414 2421 vel
421 2394 660 2430 recipiendo,vel
676 2396 705 2423 in
721 2396 825 2423 ordine
841 2403 910 2424 eon-

126 2438 336 2473 firmando,vel
345 2441 538 2476 conferendo,
551 2441 574 2469 si
586 2442 622 2469 sit
632 2443 781 2470 notorium
791 2443 908 2478 (Extra,

126 2484 193 2512 eod.
202 2486 253 2520 tit„
267 2495 292 2513 c.
312 2488 424 2523 Tanta).
438 2488 465 2516 Si
478 2488 627 2516 occultum
640 2489 742 2525 quoad
753 2498 783 2517 se
795 2490 910 2517 tantum

129 2533 250 2571 (Extra,
262 2534 329 2562 eod.
342 2535 396 2569 tit.,
408 2544 433 2563 c.
451 2537 493 2563 Em
506 2540 558 2563 tuae
572 2537 782 2572 fraternitatis),
800 2537 836 2564 cle
851 2537 908 2564 hoc

126 2577 232 2607 dicitur
241 2579 272 2607 in
282 2585 374 2616 Appa.
391 2583 509 2617 (Extra,
526 2584 593 2611 eod.
603 2605 613 2617 ,
628 2592 717 2620 supra
728 2584 804 2612 illud
818 2592 843 2612 e.
858 2584 910 2611 Ac-

125 2626 262 2661 casatum)
276 2636 282 2654 2
296 2628 399 2656 «Tales
413 2630 475 2657 sine
486 2638 538 2666 spe
553 2630 779 2667 dispensationis
795 2633 910 2667 oportet

125 2672 295 2700 renuntiare
317 2674 414 2702 ordini
440 2678 467 2703 et
490 2676 636 2705 beneficio
660 2678 700 2705 sic
728 2680 875 2714 suscepto.
893 2689 904 2702 ›‚

128 2719 219 2751 (Caus.
231 2727 250 2754 1,
263 2727 292 2755 q.
302 2728 322 2755 ι,
332 2728 356 2748 o.
364 2723 438 2756 Erqa
445 2724 618 2758 simoniacos,
627 2725 734 2760 Extra„
744 2725 824 2760 eod.,
833 2733 857 2752 e.
866 2726 908 2753 Em

1703 260 1764 292 389

984 321 1038 348 euae
1050 320 1264 358 fraternitatis),
1280 323 1335 351 etc.
1350 323 1515 353 Matthaeus:
1527 335 1542 351 «
1555 326 1652 355 Potest
1665 327 1763 355 tamen

984 367 1063 403 Papa
1084 375 1153 396 cum
1168 367 1210 396 eis
1229 376 1265 398 ex
1278 368 1464 406 plenitudine
1478 372 1629 408 potcstatis
1643 372 1763 410 dispen-

983 420 1064 450 sare,
1091 415 1229 451 quamvis
1251 423 1314 444 non
1342 415 1379 444 sit
1407 417 1520 453 injure
1543 427 1727 455 expressum.
1745 431 1758 447 n

983 460 1144 497 Episcopus
1167 470 1240 491 vero
1263 463 1435 500 dispensare
1454 472 1516 492 non
1533 467 1645 502 potest,
1661 467 1718 495 nisi
1732 467 1763 496 in

983 515 1069 544 casu,
1085 508 1195 537 scilicet
1207 510 1231 538 si
1246 510 1358 539 crimen
1371 511 1569 540 nescientibus
1584 513 1722 542 ordinato
1735 517 1764 543 et

983 554 1154 584 ordinatore
1169 557 1362 586 commissum
1372 557 1418 593 sit,
1433 560 1460 586 et
1474 559 1635 595 postquam
1650 560 1762 597 simpli-

982 601 1053 630 citer
1074 604 1254 632 renuntiavit
1276 603 1375 632 ordini
1397 604 1447 633 vel
1467 605 1614 634 beneficio
1633 606 1675 634 sic
1700 615 1762 635 sus-

982 650 1064 684 cepto
1073 649 1193 685 (Extra,
1205 650 1272 679 cod.
1284 651 1337 687 tit„
1355 660 1380 680 c.
1397 653 1435 680 De
1449 654 1595 681 simoniace
1603 654 1760 691 ordinatis).

1236 734 1416 760 PARTICULA
1436 735 1523 761 XLIX.

1015 789 1071 823 Qui
1085 788 1276 826 decanatum,
1286 791 1334 820 vel
1348 792 1633 830 archidiaconatum,
1645 795 1694 824 vel
1708 796 1760 824 ali-

980 843 1072 872 quam
1088 836 1326 872 jurisdictionem
1347 839 1386 868 ad
1408 841 1540 876 agendas
1554 842 1633 870 vices
1648 843 1760 879 episco-

979 889 1100 919 porum,
1113 884 1169 912 sub
1184 892 1285 914 annuo
1300 894 1391 914 censu
1405 888 1559 924 receperit,
1573 890 1606 917 ut
1620 888 1760 918 simonia-

979 936 1032 957 cus
1049 931 1092 958 est
1105 939 1277 968 suspensus,
1295 934 1396 969 (caus.
1415 934 1530 971 prima,
1545 938 1646 972 quaest.
1663 936 1759 971 tertia,

979 984 1004 1003 c.
1019 977 1064 1004 Ex
1081 979 1311 1015 multis;Extra.,
1331 982 1371 1008 Ne
1392 981 1505 1017 praelati
1523 982 1603 1010 vices
1622 991 1690 1012 suas
1702 983 1758 1011 sub

978 1031 1078 1053 annuo
1094 1033 1195 1061 censu,
1211 1034 1236 1055 c.
1253 1026 1387 1060 Quoniam
1401 1029 1432 1056 in
1446 1029 1637 1066 quibusdam.)

1250 1110 1432 1136 PARTlCULA
1451 1112 1479 1136 L.

1013 1168 1084 1196 Sunt
1097 1169 1126 1196 et
1139 1168 1190 1196 alii
1205 1176 1289 1196 casus
1295 1189 1305 1204 ,
1324 1169 1356 1196 in
1371 1169 1482 1206 quibus
1500 1170 1688 1207 suspenditur
1703 1172 1757 1201 ali-

976 1214 1043 1250 quis
1053 1214 1118 1251 ipso
1131 1215 1209 1251 jure,
1225 1215 1278 1243 sed
1294 1215 1361 1252 ipso
1376 1216 1454 1244 facto
1469 1225 1532 1245 non
1546 1217 1672 1246 efficitur
1686 1218 1758 1247 irre-

975 1261 1096 1297 gularis.
1119 1262 1277 1292 monitione
1299 1264 1479 1300 competenti
1498 1272 1561 1293 non
1584 1266 1755 1302 praemissa,

973 1308 1113 1344 praelatus
1127 1310 1389 1338 excommunicans
1403 1310 1551 1347 aliquem,
1566 1313 1757 1348 suspenditur

973 1355 1038 1392 ipso
1051 1356 1118 1391 jure
1135 1364 1190 1392 per
1204 1364 1299 1385 unum
1312 1365 1446 1385 mensem
1468 1358 1506 1386 ab
1522 1358 1645 1387 introitu
1661 1361 1755 1389 eccle-

973 1402 1023 1430 siae
1042 1402 1169 1438 (Extra,
1194 1403 1231 1432 de
1255 1405 1398 1433 sententia
1430 1406 1754 1443 excommunicationis,

973 1457 998 1476 c.
1015 1454 1096 1478 Sacro
1111 1451 1289 1486 approbante,
1299 1453 1364 1479 etin
1378 1459 1458 1480 nova
1470 1453 1676 1482 constitutione
1690 1455 1755 1482 Cum

973 1496 1176 1533 medicinalis).
1201 1498 1326 1531 Quando
1353 1498 1461 1527 dicitur
1484 1499 1609 1528 monitio
1634 1508 1754 1537 compe-

972 1545 1047 1578 tens,
1061 1543 1232 1582 intelligitur
1241 1546 1317 1574 trina
1328 1546 1418 1581 (cauS.
1434 1554 1512 1581 mv,
1528 1555 1557 1583 q.
1573 1547 1667 1583 tertia,
1680 1556 1706 1576 e.
1718 1549 1754 1576 De

971 1591 1099 1627 illicita).

1241 1633 1422 1658 PARTICULA
1443 1634 1485 1659 LI.

1006 1687 1110 1714 Rec-tor
1123 1686 1262 1722 ecclesiae,
1275 1687 1327 1723 qui
1337 1695 1393 1723 pro
1407 1687 1513 1716 alienis
1528 1687 1636 1716 debitis
1647 1693 1751 1725 gravat

970 1733 1126 1761 ecclesiam
1151 1733 1208 1761 sibi
1230 1734 1435 1769 commissam,
1455 1735 1504 1763 vel
1527 1734 1638 1764 litteras
1661 1736 1751 1764 alicui

970 1780 1121 1816 concedit,
1151 1780 1199 1809 vel
1227 1781 1326 1816 sigilla
1359 1782 1469 1817 quibus
1502 1783 1631 1811 Ecclesia
1659 1785 1751 1819 possit

969 1827 1108 1863 obligari,
1124 1829 1315 1865 suspenditur
1326 1829 1391 1865 ipso
1400 1830 1479 1865 jure,
1490 1830 1587 1859 donec
1600 1840 1668 1859 cum
1683 1832 1749 1868 ipso

969 1874 1156 1911 dispensetur
1172 1876 1289 1911 (Extra.,
1306 1875 1344 1904 de
1362 1876 1574 1914 solutionibus,
1590 1887 1613 1907 c.
1638 1879 1670 1907 Si
1684 1887 1749 1914 quo-

967 1922 1121 1959 rumdam).
1241 1964 1419 1989 PARTlCULA
1440 1965 1492 1989 L11.

1004 2015 1127 2044 Adulter
1134 2016 1318 2051 manifestus,
1325 2016 1496 2051 fornicator,
1504 2018 1552 2046 vel
1558 2018 1636 2046 testis
1645 2018 1747 2054 falsus,

967 2062 991 2090 si
1005 2062 1129 2090 crimina
1143 2063 1209 2098 ipsa
1224 2063 1282 2090 sint
1294 2064 1427 2099 notoria,
1443 2065 1577 2100 suspensi
1593 2067 1661 2093 sunt
1676 2074 1750 2101 quo-

967 2116 1062 2144 usque
1076 2109 1280 2144 poenitentiam
1293 2111 1405 2145 egerint
1422 2111 1542 2146 (Extra,
1558 2111 1595 2139 de
1611 2113 1748 2148 tempori-

967 2155 1024 2183 bus
1040 2155 1118 2184 ordi.
1134 2158 1162 2184 et
1177 2156 1317 2192 qualitate
1332 2157 1443 2192 ordin„
1460 2166 1484 2185 c.
1498 2159 1647 2191 Quaesitum
1663 2162 1701 2187 est
1715 2160 1748 2188 de

965 2203 1098 2230 sacerdoti
1102 2203 1148 2230 bus
1152 2212 1160 2237 3
1170 2205 1277 2238 Extra„
1286 2203 1323 2231 de
1331 2204 1549 2234 cohabitatione
1558 2206 1746 2242 clericorum,

966 2257 991 2276 c.
1009 2249 1186 2285 Quaesitum.)

1223 2291 1403 2316 PARTICULA
1422 2292 1488 2317 L111.

1001 2343 1028 2372 Si
1043 2343 1196 2372 ordinator
1215 2345 1254 2372 ab
1275 2345 1412 2374 ordinato
1431 2347 1577 2383 acceperit
1593 2348 1745 2383 J'uramen-

965 2392 1038 2426 tum,
1054 2391 1103 2418 vel
1117 2392 1357 2427 promissionem,
1373 2394 1457 2428 quod
1471 2402 1560 2430 super
1572 2395 1743 2430 provisione

966 2446 1035 2465 eum
1053 2445 1115 2465 non
1136 2438 1280 2474 inquietet
1299 2447 1316 2467 a
1335 2440 1494 2468 collatione
1513 2441 1670 2477 ordinum,
1690 2450 1744 2478 per
1773 2436 1776 2438 Δ

965 2485 1124 2512 triennium
1137 2487 1179 2513 est
1193 2494 1352 2521 suspensus
1368 2486 1492 2523 (Extra,
1509 2488 1546 2516 de
1560 2488 1742 2523 simoniacis,

965 2540 989 2559 c.
1006 2532 1036 2560 Si
1050 2534 1111 2567 quis
1126 2533 1324 2569 ordinaverit.)

1216 2617 1397 2642 PARTICULA
1417 2619 1483 2643 le.

1000 2674 1169 2703 Usurarium
1191 2674 1394 2711 manifestum,
1418 2678 1445 2704 et
1465 2676 1496 2704 in
1516 2676 1574 2704 hoc
1595 2676 1742 2706 deceden-

964 2724 1039 2757 tem,
1057 2722 1108 2758 qui
1123 2721 1276 2751 tradiderit
1290 2723 1446 2759 sepulturae
1460 2723 1674 2759 ecclesiasticae,
1691 2725 1740 2753 vel
