2004 3037
642 176 692 208 DE
714 175 879 208 NATURA
906 175 980 208 DEI.
1006 175 1093 208 CAP.
1116 175 1196 208 Xix.
1697 177 1735 206 75

117 246 261 275 ultionem
289 245 399 280 Boetii‚
419 245 451 273 in
474 244 553 273 libro
581 244 613 273 de
642 244 830 272 Consolatione
856 245 864 261 ¹
887 253 894 272 :

120 305 134 320 «ι
149 292 301 322 AEternitas
327 293 370 321 est
387 291 615 320 interminabilis
636 291 702 319 vitoe
723 292 784 319 tota
806 290 896 319 simul

118 341 146 368 et
158 339 289 377 perfecta
302 339 462 376 possessio.
475 349 488 365 n

152 387 197 416 Ad
221 387 310 423 hujus
333 385 518 414 diffinitionis
542 384 769 420 intelligentiam
788 386 893 413 notan-

117 434 205 469 dum,
226 433 310 470 quod
323 433 354 462 in
369 432 551 469 quibusdam
567 433 609 460 est
630 431 895 460 determinabilitas

117 481 298 518 simpliciter,
313 480 385 517 quia
399 488 436 508 ex
448 481 531 516 parte
546 480 612 507 ante
626 481 654 507 et
668 487 705 507 ex
718 480 801 515 parte
815 480 894 514 post,

116 530 148 556 ut
162 529 229 556 sunt
243 526 425 563 generabilia
439 528 466 554 et
480 525 695 562 corruptibilia,
711 526 751 554 ad
766 533 896 562 quorum

117 574 314 602 differentiam
327 573 448 610 ponitur
461 574 683 601 interminabilis.
701 574 733 601 Et
746 573 824 601 bene
839 580 895 608 po-

115 621 194 649 nitur
207 621 282 650 illud
295 629 349 658 per
363 620 572 656 negationem,
596 621 668 657 quia
683 621 844 657 simplicia,
867 623 895 648 et

115 669 263 705 praecipue
279 668 395 703 divina,
413 668 496 696 nullo
510 668 603 695 modo
625 667 733 696 melius
755 667 894 695 manifes-

115 718 213 744 tantur
227 724 318 752 quam
332 723 385 752 per
407 715 604 743 remotionem
615 736 625 749 ‚
649 717 682 743 ut
703 715 742 742 ait
757 715 768 732 2
785 715 894 750 Diony—

115 763 184 791 sius.
200 765 233 790 Et
247 762 336 798 hujus
358 762 433 790 ratio
448 763 510 796 est,
532 762 604 798 quia
625 761 807 798 simplicium
831 770 894 790 esse

115 818 176 838 non
190 811 286 846 potest
299 809 464 837 intellectus
478 808 606 845 perfecte
621 808 874 844 comprehendere
884 830 892 843 ,

116 858 144 885 et
156 857 225 884 ideo
241 865 275 884 ex
290 856 501 891 negationibus
525 863 650 889 eorum,
672 864 738 892 quae
762 856 800 883 ab
824 856 895 892 ipsis

115 905 316 937 removentur,
336 902 547 930 manuducitur
560 902 725 930 intellectus
740 902 780 930 ad
794 911 829 931 ea
843 902 895 930 ali-

115 950 243 986 qualiter
259 950 476 985 cognoscenda.
503 950 574 977 Item
593 949 625 977 in
648 949 830 986 quibusdam
854 951 895 977 cst

114 996 371 1026 interminabilitas
386 996 535 1031 essentiae,
553 996 607 1024 sed
623 1004 686 1024 non
707 996 788 1031 vitae,
810 998 843 1024 ut
863 997 895 1024 in

115 1044 292 1081 corporibus
314 1043 482 1072 coelestibus
506 1053 512 1071 :
539 1043 578 1071 ad
602 1051 734 1080 quorum
756 1043 895 1071 differen-

114 1091 186 1119 tiam
201 1091 321 1119 additur
342 1092 417 1118 vz'toe.
434 1092 473 1118 De
489 1091 548 1118 Deo
564 1093 664 1118 autem
687 1090 758 1118 dicit
771 1092 894 1127 Aposto-

114 1138 160 1166 lus
175 1139 195 1173 3,
211 1138 296 1174 quod
309 1139 379 1165 solus
394 1138 472 1165 habet
487 1139 731 1165 immortalitatem.
758 1139 790 1165 In
811 1138 894 1165 omni

115 1186 194 1214 enim
209 1185 346 1213 mutabili
360 1187 483 1219 natura,
509 1184 656 1212 nonnulla
670 1192 752 1212 mors
772 1186 814 1212 est
828 1184 893 1220 ipsa

114 1235 248 1270 mutatio,
259 1234 330 1271 quia
343 1234 412 1262 facit
425 1234 456 1261 in
471 1242 506 1261 ea
517 1233 633 1270 aliquid
643 1241 704 1261 non
720 1242 793 1266 esse,
809 1233 893 1269 quod

114 1283 196 1319 prius
217 1284 288 1310 erat.
314 1281 395 1309 Unde
421 1283 448 1309 et
470 1281 577 1316 homo,
602 1281 725 1317 quando
752 1281 893 1315 nascitur,

115 1329 250 1366 quodam
264 1329 356 1356 modo
371 1328 474 1365 incipit
488 1327 576 1356 mori.
594 1330 626 1356 In
640 1328 824 1364 quibusdam
839 1335 892 1355 au·-

115 1378 173 1404 tem
189 1377 232 1404 est
250 1375 506 1404 interminabilitas
528 1375 612 1410 vitae,
635 1375 688 1403 sed
710 1377 810 1402 tamen
825 1383 893 1402 cum

117 1423 237 1451 miseria
273 1425 301 1450 et
330 1422 499 1450 infelicitate
510 1443 519 1456 ,
543 1425 575 1450 ut
599 1422 630 1450 in
652 1422 839 1450 daemonibus
867 1424 895 1450 et

116 1469 264 1497 damnatis
277 1478 283 1496 ε
299 1469 338 1496 ad
348 1477 478 1505 quorum
491 1468 688 1496 differentiam
700 1469 820 1496 additur
832 1477 893 1504 pos-

115 1518 217 1550 sessio,
238 1515 269 1543 in
291 1515 374 1550 cujus
390 1515 538 1543 intellectu
558 1517 601 1543 est
612 1515 782 1550 jucunditas
803 1515 894 1543 felici-

116 1563 196 1597 tatis,
211 1562 281 1598 quia
295 1563 364 1590 tunc
384 1562 532 1598 possessio
557 1562 682 1597 alicujus
703 1562 745 1590 rei
762 1563 895 1597 jucunda

117 1609 232 1642 dicitur,
250 1609 372 1645 quando
385 1609 424 1637 ad
439 1609 557 1636 libitum
568 1609 705 1636 habetur.
726 1611 757 1637 In
773 1609 895 1645 quibus-

118 1656 189 1684 dam
204 1658 246 1683 est
259 1655 485 1683 interminabilis
499 1655 566 1683 vitae
580 1655 726 1691 possessio
740 1677 749 1689 ,
765 1656 819 1683 sed
833 1664 894 1684 non

117 1705 188 1738 tota,
195 1704 227 1730 ut
235 1703 266 1730 in
276 1703 449 1731 hominibus
459 1703 552 1731 beatis
562 1705 629 1731 ante
643 1703 789 1738 judicium
798 1725 806 1738 ,
819 1712 893 1739 quo-

118 1757 185 1778 rum
199 1751 241 1777 est
256 1749 409 1777 beatitudo
425 1750 589 1778 seeundum
602 1752 717 1786 partem
732 1751 854 1784 animae,
869 1753 896 1779 et

118 1805 180 1825 non
202 1796 334 1833 eorporis
351 1806 357 1824 ε
374 1797 412 1824 ad
428 1805 557 1833 quorum
577 1797 774 1825 differentiam
789 1798 896 1826 dicitur

119 1846 186 1878 tota,
196 1844 265 1880 quia
275 1846 371 1871 totum
383 1845 425 1871 est
433 1844 516 1880 quod
523 1852 585 1872 non
596 1846 637 1872 est
647 1844 838 1879 diminutum,
848 1846 896 1873 vel

119 1891 202 1926 cujus
218 1890 291 1918 nihil
307 1892 349 1918 est
363 1892 453 1918 extra.
468 1893 498 1919 ln
514 1891 696 1927 quibusdam
710 1894 751 1919 est
765 1892 897 1920 intermi-

118 1937 226 1965 nabilis
240 1937 308 1965 vitae
321 1938 471 1973 possessio
488 1939 565 1972 tota,
581 1940 614 1965 ut
628 1938 658 1965 in
674 1938 788 1974 angelis
803 1939 897 1967 beatis

119 1986 185 2011 ante
198 1984 361 2019 judicium,
388 1984 459 2020 quia
473 1985 639 2012 secundum
654 1987 745 2013 totam
761 1986 806 2013 sui
822 1985 894 2013 sub-

119 2030 255 2058 stantiam
268 2030 379 2058 habent
401 2031 518 2059 felicem
533 2033 561 2059 et
582 2031 833 2060 interminabilem
852 2032 895 2060 vi-

118 2079 196 2111 tam,
212 2076 265 2104 sed
278 2085 340 2104 non
355 2077 461 2112 simul,
477 2086 545 2105 cum
560 2078 662 2113 aliqua
676 2078 712 2105 sit
727 2079 756 2106 in
772 2079 813 2106 eis
828 2087 894 2106 suc-

120 2124 210 2151 cessio
226 2123 441 2151 revelationum
454 2126 482 2152 et
496 2124 676 2159 gaudiorum
689 2134 695 2151 z
711 2125 750 2152 ad
767 2133 896 2160 quorum

120 2170 315 2198 differentiam
336 2171 458 2206 ponitur
479 2172 571 2198 simul.
593 2173 625 2199 ln
649 2171 831 2207 quibusdam
856 2174 898 2199 est

118 2217 344 2245 interminabilis
362 2217 429 2244 vitae
453 2218 600 2253 possessio
622 2220 682 2246 tota
706 2217 819 2251 simul,
845 2218 897 2245 sed

120 2266 218 2291 tamen
239 2272 300 2291 non
325 2263 454 2300 perfecta
470 2285 478 2298 ‚
507 2272 542 2292 eo
565 2265 658 2292 modo
683 2273 743 2301 quo
769 2264 897 2292 dicimus

119 2310 281 2346 perfectum
295 2310 379 2338 nullo
394 2311 549 2346 indigens,
565 2311 638 2339 sicut
652 2313 694 2339 est
716 2312 746 2338 in
765 2311 894 2346 angelis,

121 2359 149 2385 et
163 2357 193 2385 in
206 2357 378 2384 hominibus
393 2357 486 2385 beatis
500 2360 567 2393 post
582 2358 728 2393 judicium
744 2368 750 2386 :
768 2359 807 2386 ad
822 2366 896 2394 quo-

120 2412 187 2431 rum
201 2403 396 2431 differentiam
411 2404 531 2432 additur
544 2407 679 2440 perfecta,
696 2405 726 2432 id
740 2407 796 2440 est,
814 2405 897 2433 nullo

121 2450 256 2485 indigens
271 2450 310 2477 acl
327 2458 414 2477 suum
428 2450 550 2478 beatum
566 2460 637 2479 esse.

156 2498 234 2524 Patet
256 2496 344 2532 igitur
369 2505 404 2524 ex
428 2498 568 2533 praedicta
592 2498 767 2526 diffinitione
779 2521 788 2533 ,
814 2499 897 2535 quod

122 2545 178 2570 tres
191 2545 343 2578 ponuntur
360 2543 403 2571 ibi
419 2544 621 2579 conditiones,
644 2554 710 2581 quae
732 2547 799 2573 sunt
818 2546 897 2573 inse-

156 2606 163 2621 ¹
181 2606 261 2634 Boet.‚
277 2606 306 2629 de
325 2606 433 2636 ConwL,
451 2607 496 2630 lib.
513 2608 544 2637 V,
560 2615 628 2638 pros.
650 2610 673 2637 ὃ,
691 2622 721 2626 -
739 2609 749 2624 ¹2
767 2609 852 2638 Dion„
870 2608 899 2631 οἰ,-

126 2641 181 2665 Div.
195 2641 279 2671 Nom„
294 2648 316 2665 e.
335 2647 385 2672 vn,
400 2642 415 2673 ἓ
429 2644 451 2666 3.
467 2656 497 2661 -—
513 2643 522 2656 ³
536 2644 545 2667 1
563 2644 636 2673 Tim„
651 2650 686 2675 vr,
703 2646 740 2669 16.
757 2658 787 2662 -
802 2645 809 2658 ⁴
827 2643 900 2673 Mal..

953 243 1104 281 parabiles
1117 243 1156 272 ab
1171 244 1331 273 aeternitate
1346 244 1476 272 increata
1485 264 1495 278 ,
1511 251 1577 280 quae
1590 244 1665 271 Deus
1678 244 1736 277 est,

954 290 1356 326 scilicetinterminabilitas,
1379 291 1442 319 ibi:
1465 291 1680 319 Interminabz'lls
1694 292 1736 318 vi-

954 340 988 366 tae
1006 339 1158 373 possessi0,·
1182 338 1253 366 item
1274 338 1509 373 invariabilitas,
1532 337 1595 365 ibi:
1619 339 1677 365 tota
1697 338 1737 364 si-

953 386 1009 412 mul
1020 393 1030 412 .·
1044 385 1119 413 nihil
1132 385 1212 413 enim
1226 384 1370 413 variabile
1385 386 1428 413 est
1441 385 1472 412 in
1488 386 1556 418 Deo,
1572 383 1624 412 sed
1640 385 1744 412 totum-

953 431 1051 460 simul.
1063 433 1133 460 Item
1144 432 1326 468 simplicitas,
1338 431 1380 460 ibi
1394 441 1400 459 :
1413 433 1553 467 perfecta:
1569 430 1643 459 illud
1655 430 1735 459 enim

954 486 1069 506 summe
1089 479 1252 515 perfectum
1278 480 1339 513 est,
1365 478 1411 506 cui
1435 485 1497 506 non
1519 479 1562 506 est
1584 477 1736 514 possibilis

954 525 1057 562 aliqua
1076 525 1202 554 additio.
1224 528 1277 554 Per
1291 525 1423 562 primum
1438 526 1590 561 separatur
1606 525 1680 552 Deus
1695 524 1734 552 ab

954 572 1037 600 omni
1052 572 1255 609 corruptibili3
1271 580 1324 608 per
1339 572 1522 605 secundum,
1539 571 1577 599 ab
1592 571 1674 599 omni
1686 579 1736 599 va-

952 619 1051 647 riabili
1063 629 1071 655 3
1088 627 1142 655 per
1157 619 1292 653 tertium,
1308 619 1346 647 ab
1363 618 1445 647 omni
1460 619 1637 654 composito.
1664 619 1736 645 ltem

953 668 1024 694 nota
1045 666 1129 702 quod
1148 666 1224 694 illud
1246 666 1329 702 quod
1344 667 1423 694 earet
1437 665 1584 702 principio
1606 665 1634 692 et
1654 664 1734 699 fine,

954 713 1061 741 dicitur
1080 715 1223 741 aeternum
1233 734 1242 747 ,
1261 714 1294 741 ut
1313 715 1387 740 Deus
1399 734 1407 747 ,
1425 713 1508 748 cujus
1523 720 1586 740 esse
1600 711 1734 739 intermi-

953 762 1056 788 natum
1072 762 1123 788 est.
1145 760 1202 788 Sed
1217 768 1285 796 quae
1303 759 1484 796 principium
1499 759 1630 793 habent,
1646 760 1672 786 et
1686 766 1734 786 ca-

953 808 1018 835 rent
1043 807 1120 842 fine,
1148 807 1286 835 dicuntur
1311 808 1473 843 perpetua,
1500 807 1533 833 ut
1558 805 1681 841 angelus
1708 806 1736 832 et

953 855 1055 883 homo.
1072 856 1140 889 Quae
1161 863 1232 883 vero
1253 855 1435 892 principium
1450 856 1478 882 et
1492 853 1584 882 finem
1605 853 1733 887 habent,

954 902 1092 930 dicuntur
1105 902 1281 938 temporalia
1291 923 1301 937 ,
1322 904 1355 929 ut
1375 903 1443 930 sunt
1457 900 1682 937 corruptibilia,
1698 899 1735 926 si-

953 951 1002 977 cut
1032 949 1228 985 vegetabilia,
1260 949 1366 984 bruta,
1387 948 1550 982 sensibilia,
1577 948 1605 975 et
1629 947 1734 983 hujus-

952 996 1046 1024 modi.

1210 1048 1353 1081 CAPUT
1381 1047 1472 1080 XIX.

1142 1120 1179 1145 De
1196 1118 1468 1145 Incommutabilitate
1489 1118 1548 1144 Dei.

988 1184 1183 1212 Immutabilis
1214 1186 1256 1212 est
1287 1186 1384 1219 Deus,
1412 1186 1442 1212 et
1462 1184 1710 1220 impermutabilis
1724 1204 1733 1218 ‚

953 1233 981 1259 et
1003 1231 1266 1259 incommutabilis.
1284 1231 1498 1265 immutabilis,
1514 1231 1585 1267 quia
1605 1239 1667 1258 non
1687 1239 1735 1258 ca-

953 1278 996 1306 dit
1010 1278 1041 1306 in
1057 1287 1092 1306 eo
1111 1280 1209 1306 motus
1229 1279 1442 1313 accidentalis,
1466 1278 1576 1306 scilicet
1597 1278 1734 1306 acciden-

953 1326 1038 1353 tium.
1060 1327 1118 1353 Leo
1138 1327 1238 1362 Papa:
1258 1325 1417 1362 «Simplici
1438 1327 1550 1353 naturae
1574 1324 1735 1353 divinitatis

953 1373 1027 1400 nihil
1049 1373 1139 1408 addi,
1165 1373 1213 1401 vel
1236 1373 1363 1400 diminui
1382 1375 1496 1408 potest,
1523 1372 1595 1408 quia
1618 1380 1735 1407 semper

954 1421 995 1447 est
1019 1419 1103 1455 quod
1130 1422 1180 1447 est.
1205 1430 1218 1446 »
1244 1421 1314 1447 Item
1325 1441 1334 1455 ,
1358 1427 1413 1447 nec
1438 1419 1596 1447 diminutio
1608 1429 1616 1454 3
1645 1419 1734 1446 Mala-

954 1466 1049 1494 chiasb
1062 1467 1127 1502 :Ego
1142 1469 1222 1501 Deus,
1231 1469 1255 1494 et
1266 1475 1318 1494 non
1329 1468 1427 1494 mutor.
1440 1468 1511 1494 ltem
1519 1473 1573 1493 nec
1583 1465 1731 1500 alterati03

953 1514 1080 1541 Jacobus
1092 1514 1102 1531 5
1117 1523 1124 1540 :
1141 1514 1224 1549 Apud
1239 1522 1316 1548 quem
1331 1522 1383 1541 non
1398 1516 1436 1541 est
1451 1514 1658 1544 transmutatio,
1678 1514 1731 1540 etc.

953 1561 1022 1587 Item
1038 1567 1092 1587 nec
1108 1560 1273 1587 secundum
1294 1560 1395 1588 locum
1413 1559 1538 1587 mutatio
1549 1581 1557 1594 ,
1583 1559 1653 1595 quia
1667 1559 1733 1586 ubi-

955 1616 1012 1643 que
1027 1615 1154 1644 praesens
1165 1617 1174 1642 3
1191 1607 1351 1635 Hieremias
1362 1608 1371 1624 ⁶
1386 1617 1392 1634 :
1415 1607 1514 1634 Coelum
1527 1610 1552 1634 et
1568 1610 1669 1634 terram
1683 1609 1734 1634 im-

951 1656 1021 1689 pleo.
1038 1654 1286 1690 Impermutabilis
1301 1656 1400 1682 autem
1416 1656 1477 1688 est,
1494 1654 1566 1690 quia
1580 1662 1641 1681 non
1657 1653 1735 1681 cadit

954 1701 985 1728 in
1000 1709 1069 1728 eum
1083 1704 1181 1729 motus
1196 1701 1407 1736 substantialis,
1423 1701 1475 1737 qui
1492 1703 1534 1728 est
1547 1701 1584 1728 de
1597 1708 1660 1728 non
1673 1708 1735 1728 esse

954 1748 993 1776 ad
1009 1756 1070 1775 esse
1086 1749 1248 1784 generatio,
1264 1749 1335 1784 quia
1348 1748 1465 1776 initium
1476 1756 1538 1776 non
1549 1748 1664 1781 habuit,
1679 1755 1734 1775 nee

954 1795 1003 1823 ille
1014 1795 1065 1831 qui
1074 1797 1116 1823 est
1124 1795 1161 1823 de
1170 1804 1232 1823 esse
1245 1796 1283 1823 ad
1294 1804 1355 1823 non
1366 1804 1438 1831 esse,
1452 1796 1487 1832 (a)
1495 1796 1567 1832 quia
1573 1795 1664 1822 finem
1674 1802 1736 1822 non

954 1843 1077 1870 habebit
1092 1852 1098 1870 :
1112 1843 1189 1870 illud
1201 1843 1281 1870 enim
1293 1843 1391 1871 solum
1404 1843 1433 1870 in
1449 1843 1523 1870 nihil
1535 1845 1576 1870 est
1589 1841 1736 1874 vertibile,

956 1889 1039 1925 quod
1058 1891 1101 1917 est
1124 1890 1160 1917 de
1180 1890 1285 1917 nihilo.
1309 1889 1564 1917 Incommutabilis
1587 1890 1629 1916 est
1648 1888 1737 1916 etiam

956 1938 1030 1964 Deus
1041 1957 1050 1970 ,
1071 1945 1107 1964 ex
1122 1945 1157 1964 eo
1174 1936 1258 1972 quod
1277 1944 1340 1964 non
1361 1936 1440 1964 cadit
1455 1936 1485 1964 in
1500 1944 1569 1963 eum
1588 1938 1686 1963 motus
1701 1944 1737 1962 ex

956 1983 1149 2019 operatione:
1173 1991 1244 2010 nam
1263 1983 1318 2011 soli
1339 1985 1398 2011 Deo
1421 1983 1560 2011 convenit
1579 1983 1610 2010 in
1629 1990 1735 2018 opera-

956 2030 1035 2058 tione
1051 2030 1187 2066 quietum
1202 2038 1273 2058 esse.
1284 2030 1372 2058 Unde
1387 2031 1502 2058 Boetius
1512 2031 1521 2047 ⁷
1536 2040 1543 2056 :

988 2090 1007 2112 O
1023 2088 1066 2119 qui
1081 2090 1203 2119 perpetua
1219 2089 1344 2112 muudum
1365 2088 1464 2112 ratione
1482 2088 1623 2119 gubernas,

987 2125 1123 2147 Terrarum
1138 2124 1245 2154 coelique
1262 2126 1340 2154 sator,
1351 2123 1394 2154 qui
1410 2126 1510 2154 tempus
1524 2124 1555 2146 ab
1571 2130 1627 2146 aevo

990 2160 1027 2182 lre
1040 2159 1125 2189 jubes,
1141 2159 1289 2189 stabilisque
1305 2166 1413 2182 manens
1428 2159 1473 2182 das
1488 2160 1579 2182 cuncta
1595 2159 1703 2182 moveri,

994 2216 1075 2244 Unde
1095 2217 1217 2252 quando
1241 2218 1315 2244 Deus
1335 2216 1404 2244 facit
1423 2217 1556 2253 aliquam
1570 2225 1652 2251 rem,
1674 2224 1737 2244 non

956 2264 989 2292 fit
1002 2264 1034 2291 in
1048 2264 1112 2299 ipso
1134 2265 1192 2291 Deo
1213 2263 1315 2299 aliqua
1330 2264 1453 2291 mutatio
1464 2285 1473 2298 ,
1495 2263 1548 2291 sed
1569 2263 1600 2290 in
1615 2272 1645 2290 re
1660 2263 1737 2290 circa

957 2319 1048 2347 quam
1064 2313 1211 2347 operatur.
1234 2311 1320 2344 Quod
1340 2313 1439 2338 autem
1454 2310 1522 2338 fecit
1539 2312 1613 2337 Deus
1628 2310 1736 2346 praedi-

957 2365 1023 2385 care
1045 2357 1271 2385 subversionem
1291 2357 1409 2391 Ninive,
1431 2360 1458 2384 et
1476 2357 1637 2393 praedicere
1657 2365 1736 2384 mor-

956 2406 1015 2432 tem
1031 2404 1178 2439 Ezeehiae,
1199 2412 1329 2439 quorum
1344 2406 1482 2431 neutrum
1501 2404 1624 2438 accidit,
1643 2404 1674 2430 in
1694 2405 1737 2430 ta-

956 2451 1034 2479 libus
1057 2459 1119 2479 non
1144 2452 1268 2479 mutavit
1293 2454 1367 2479 Deus
1391 2451 1567 2485 eonsilium,
1593 2450 1676 2486 quod
1697 2450 1735 2477 ab
1755 2484 1758 2487 Δ

957 2500 1066 2526 aeterno
1082 2506 1184 2526 secum
1198 2498 1313 2533 habuit,
1327 2498 1379 2526 sed
1393 2498 1583 2531 sententiam,
1601 2505 1667 2532 quae
1679 2505 1736 2524 res—

957 2578 998 2601 ιιι,
1015 2573 1067 2595 6.-
1081 2574 1090 2589 ⁵
1105 2573 1168 2601 Jac.y
1184 2580 1202 2603 1,
1221 2574 1257 2597 17.
1269 2586 1299 2590 -
1315 2574 1433 2599 Uerem„
1450 2578 1526 2602 xxm,
1541 2572 1618 2594 2-2.—-
1631 2572 1637 2584 ⁷
1654 2572 1734 2598 Boot„

956 2608 985 2631 de
1009 2608 1120 2638 Consol.,
1148 2609 1191 2632 lib.
1211 2609 1241 2632 ΙΙΙ
1254 2627 1262 2640 ,
1286 2611 1360 2632 matr.
1390 2610 1450 2632 9.—
1471 2607 1504 2638 (α)
1520 2608 1579 2630 Coet.
1596 2606 1654 2630 edit.
1671 2614 1735 2638 proe-

961 2644 1028 2668 mz'tt.
1046 2646 1080 2669 ut,
