<?xml version="1.0" encoding="UTF-8"?>
<!DOCTYPE html PUBLIC "-//W3C//DTD XHTML 1.0 Transitional//EN"
    "http://www.w3.org/TR/xhtml1/DTD/xhtml1-transitional.dtd">
<html xmlns="http://www.w3.org/1999/xhtml" xml:lang="en" lang="en">
 <head>
  <title>
</title>
<meta http-equiv="Content-Type" content="text/html;charset=utf-8" />
  <meta name='ocr-system' content='tesseract 3.04.00' />
  <meta name='ocr-capabilities' content='ocr_page ocr_carea ocr_par ocr_line ocrx_word'/>
</head>
<body>
  <div class='ocr_page' id='page_1' title='image "./operaomniasixtiv08bonauoft/operaomniasixtiv08bonauoft_0578.png"; bbox 0 0 2004 3037; ppageno 0'>
   <div class='ocr_carea' id='block_1_1' title="bbox 291 171 352 202">
    <p class='ocr_par' dir='ltr' id='par_1_1' title="bbox 291 171 352 202">
     <span class='ocr_line' id='line_1_1' title="bbox 291 171 352 202; baseline 0 0"><span class='ocrx_word' id='word_1_1' title='bbox 291 171 352 202; x_wconf 76' lang='lat'><strong>556</strong></span> 
     </span>
    </p>
   </div>
   <div class='ocr_carea' id='block_1_2' title="bbox 291 238 1072 702">
    <p class='ocr_par' dir='ltr' id='par_1_2' title="bbox 291 238 1072 512">
     <span class='ocr_line' id='line_1_2' title="bbox 328 238 1070 276; baseline 0.003 -9"><span class='ocrx_word' id='word_1_2' title='bbox 328 238 465 267; x_wconf 77' lang='lat' dir='ltr'><strong>Habebat</strong></span> <span class='ocrx_word' id='word_1_3' title='bbox 471 245 574 267; x_wconf 79' lang='lat' dir='ltr'><strong>seeum</strong></span> <span class='ocrx_word' id='word_1_4' title='bbox 587 239 680 268; x_wconf 72' lang='lat' dir='ltr'><strong>ludas</strong></span> <span class='ocrx_word' id='word_1_5' title='bbox 686 239 872 269; x_wconf 74' lang='lat' dir='ltr'><strong>uaehabaeus</strong></span> <span class='ocrx_word' id='word_1_6' title='bbox 885 239 1070 276; x_wconf 83' lang='lat' dir='ltr'><strong>octingentos</strong></span> 
     </span>
     <span class='ocr_line' id='line_1_3' title="bbox 292 284 1072 324; baseline 0.005 -12"><span class='ocrx_word' id='word_1_7' title='bbox 292 284 386 321; x_wconf 83' lang='lat' dir='ltr'><strong>viros;</strong></span> <span class='ocrx_word' id='word_1_8' title='bbox 401 284 564 315; x_wconf 77' lang='lat' dir='ltr'><strong>adversarii</strong></span> <span class='ocrx_word' id='word_1_9' title='bbox 577 288 679 315; x_wconf 85' lang='lat' dir='ltr'><strong>autem</strong></span> <span class='ocrx_word' id='word_1_10' title='bbox 689 288 773 316; x_wconf 83' lang='lat' dir='ltr'><strong>erant</strong></span> <span class='ocrx_word' id='word_1_11' title='bbox 780 286 886 324; x_wconf 83' lang='lat' dir='ltr'><strong>viginti</strong></span> <span class='ocrx_word' id='word_1_12' title='bbox 899 287 961 316; x_wconf 90' lang='lat' dir='ltr'><strong>duo</strong></span> <span class='ocrx_word' id='word_1_13' title='bbox 975 287 1072 317; x_wconf 86' lang='lat' dir='ltr'><strong>millia</strong></span> 
     </span>
     <span class='ocr_line' id='line_1_4' title="bbox 291 332 1072 372; baseline 0.004 -11"><span class='ocrx_word' id='word_1_14' title='bbox 291 334 320 361; x_wconf 87' lang='lat' dir='ltr'><strong>et</strong></span> <span class='ocrx_word' id='word_1_15' title='bbox 331 332 507 362; x_wconf 73' lang='lat' dir='ltr'><strong>avertebant</strong></span> <span class='ocrx_word' id='word_1_16' title='bbox 519 341 590 362; x_wconf 87' lang='lat' dir='ltr'><strong>enm</strong></span> <span class='ocrx_word' id='word_1_17' title='bbox 603 333 676 363; x_wconf 85' lang='lat' dir='ltr'><strong>socii</strong></span> <span class='ocrx_word' id='word_1_18' title='bbox 689 342 727 363; x_wconf 86' lang='lat' dir='ltr'><strong>ne</strong></span> <span class='ocrx_word' id='word_1_19' title='bbox 740 337 910 372; x_wconf 84' lang='lat' dir='ltr'><strong>pugnarent</strong></span> <span class='ocrx_word' id='word_1_20' title='bbox 921 337 1003 370; x_wconf 78' lang='lat' dir='ltr'><strong>tuno,</strong></span> <span class='ocrx_word' id='word_1_21' title='bbox 1017 335 1072 364; x_wconf 84' lang='lat' dir='ltr'><strong>sed</strong></span> 
     </span>
     <span class='ocr_line' id='line_1_5' title="bbox 291 374 1071 419; baseline 0.005 -12"><span class='ocrx_word' id='word_1_22' title='bbox 291 378 366 408; x_wconf 80' lang='lat' dir='ltr'><strong>alias</strong></span> <span class='ocrx_word' id='word_1_23' title='bbox 379 380 509 409; x_wconf 80' lang='lat' dir='ltr'><strong>exercitu</strong></span> <span class='ocrx_word' id='word_1_24' title='bbox 524 384 712 418; x_wconf 72' lang='lat' dir='ltr'><strong>&#39;congregato</strong></span> <span class='ocrx_word' id='word_1_25' title='bbox 729 374 736 411; x_wconf 50' lang='lat'><strong>¹:</strong></span> <span class='ocrx_word' id='word_1_26' title='bbox 753 382 805 419; x_wconf 88' lang='lat' dir='ltr'><strong>qui</strong></span> <span class='ocrx_word' id='word_1_27' title='bbox 822 382 920 411; x_wconf 80' lang='lat' dir='ltr'><strong>noluit</strong></span> <span class='ocrx_word' id='word_1_28' title='bbox 938 382 1071 419; x_wconf 82' lang='lat' dir='ltr'><strong>acquies-</strong></span> 
     </span>
     <span class='ocr_line' id='line_1_6' title="bbox 291 429 1072 465; baseline 0.005 -11"><span class='ocrx_word' id='word_1_29' title='bbox 291 433 357 454; x_wconf 84' lang='lat' dir='ltr'><strong>cere</strong></span> <span class='ocrx_word' id='word_1_30' title='bbox 379 435 484 456; x_wconf 79' lang='lat' dir='ltr'><strong>eorum</strong></span> <span class='ocrx_word' id='word_1_31' title='bbox 498 429 635 464; x_wconf 87' lang='lat' dir='ltr'><strong>consilio,</strong></span> <span class='ocrx_word' id='word_1_32' title='bbox 651 429 724 458; x_wconf 82' lang='lat' dir='ltr'><strong>etin</strong></span> <span class='ocrx_word' id='word_1_33' title='bbox 737 429 788 458; x_wconf 90' lang='lat' dir='ltr'><strong>illo</strong></span> <span class='ocrx_word' id='word_1_34' title='bbox 803 429 886 458; x_wconf 86' lang='lat' dir='ltr'><strong>bello</strong></span> <span class='ocrx_word' id='word_1_35' title='bbox 909 429 1028 465; x_wconf 87' lang='lat' dir='ltr'><strong>cecidit,</strong></span> <span class='ocrx_word' id='word_1_36' title='bbox 1042 431 1072 458; x_wconf 90' lang='lat' dir='ltr'><strong>et</strong></span> 
     </span>
     <span class='ocr_line' id='line_1_7' title="bbox 291 473 746 512; baseline 0.009 -11"><span class='ocrx_word' id='word_1_37' title='bbox 291 473 386 502; x_wconf 85' lang='lat' dir='ltr'><strong>caeteri</strong></span> <span class='ocrx_word' id='word_1_38' title='bbox 395 473 544 510; x_wconf 78' lang='lat' dir='ltr'><strong>fugerunt.</strong></span> <span class='ocrx_word' id='word_1_39' title='bbox 564 477 574 505; x_wconf 91' lang='lat'>1</span> <span class='ocrx_word' id='word_1_40' title='bbox 589 476 692 512; x_wconf 58' lang='lat' dir='ltr'><strong>Mada,</strong></span> <span class='ocrx_word' id='word_1_41' title='bbox 705 484 746 505; x_wconf 77' lang='lat' dir='ltr'><strong>rx.</strong></span> 
     </span>
    </p>

    <p class='ocr_par' dir='ltr' id='par_1_3' title="bbox 291 521 1071 702">
     <span class='ocr_line' id='line_1_8' title="bbox 326 521 1070 560; baseline 0.004 -11"><span class='ocrx_word' id='word_1_42' title='bbox 326 521 442 549; x_wconf 88' lang='lat' dir='ltr'><strong>Bonum</strong></span> <span class='ocrx_word' id='word_1_43' title='bbox 456 522 615 551; x_wconf 88' lang='lat' dir='ltr'><strong>consilium</strong></span> <span class='ocrx_word' id='word_1_44' title='bbox 626 523 709 552; x_wconf 84' lang='lat' dir='ltr'>dedit</span> <span class='ocrx_word' id='word_1_45' title='bbox 721 531 799 552; x_wconf 86' lang='lat' dir='ltr'><strong>uxor</strong></span> <span class='ocrx_word' id='word_1_46' title='bbox 811 522 904 552; x_wconf 86' lang='lat' dir='ltr'><strong>Pilato</strong></span> <span class='ocrx_word' id='word_1_47' title='bbox 917 522 984 552; x_wconf 84' lang='lat' dir='ltr'><strong>viro</strong></span> <span class='ocrx_word' id='word_1_48' title='bbox 997 530 1070 560; x_wconf 89' lang='lat' dir='ltr'><strong>suo;</strong></span> 
     </span>
     <span class='ocr_line' id='line_1_9' title="bbox 291 567 1071 607; baseline 0.005 -12"><span class='ocrx_word' id='word_1_49' title='bbox 291 567 345 596; x_wconf 87' lang='lat' dir='ltr'><strong>sed</strong></span> <span class='ocrx_word' id='word_1_50' title='bbox 364 567 416 596; x_wconf 88' lang='lat' dir='ltr'><strong>ille</strong></span> <span class='ocrx_word' id='word_1_51' title='bbox 437 569 624 606; x_wconf 83' lang='lat' dir='ltr'><strong>acquiescere</strong></span> <span class='ocrx_word' id='word_1_52' title='bbox 653 571 816 606; x_wconf 86' lang='lat' dir='ltr'><strong>recusavit,</strong></span> <span class='ocrx_word' id='word_1_53' title='bbox 839 570 936 607; x_wconf 80' lang='lat' dir='ltr'><strong>magis</strong></span> <span class='ocrx_word' id='word_1_54' title='bbox 963 571 1071 599; x_wconf 83' lang='lat' dir='ltr'><strong>timens</strong></span> 
     </span>
     <span class='ocr_line' id='line_1_10' title="bbox 291 615 1071 655; baseline 0.006 -13"><span class='ocrx_word' id='word_1_55' title='bbox 291 615 437 644; x_wconf 81' lang='lat' dir='ltr'><strong>Caesarem</strong></span> <span class='ocrx_word' id='word_1_56' title='bbox 457 616 609 646; x_wconf 82' lang='lat' dir='ltr'><strong>offendere</strong></span> <span class='ocrx_word' id='word_1_57' title='bbox 617 638 627 654; x_wconf 92' lang='lat'>‚</span> <span class='ocrx_word' id='word_1_58' title='bbox 651 625 743 654; x_wconf 88' lang='lat' dir='ltr'><strong>quam</strong></span> <span class='ocrx_word' id='word_1_59' title='bbox 763 618 877 654; x_wconf 86' lang='lat' dir='ltr'><strong>justum</strong></span> <span class='ocrx_word' id='word_1_60' title='bbox 893 618 1071 655; x_wconf 79' lang='lat' dir='ltr'><strong>sanguinem</strong></span> 
     </span>
     <span class='ocr_line' id='line_1_11' title="bbox 291 662 943 702; baseline 0.008 -12"><span class='ocrx_word' id='word_1_61' title='bbox 291 662 502 692; x_wconf 79' lang='lat' dir='ltr'><strong>condemnare.</strong></span> <span class='ocrx_word' id='word_1_62' title='bbox 518 664 632 698; x_wconf 68' lang='lat' dir='ltr'><strong>Manli„</strong></span> <span class='ocrx_word' id='word_1_63' title='bbox 648 673 742 701; x_wconf 80' lang='lat' dir='ltr'><strong>xxvu,</strong></span> <span class='ocrx_word' id='word_1_64' title='bbox 757 667 786 695; x_wconf 92' lang='lat' dir='ltr'><strong>et</strong></span> <span class='ocrx_word' id='word_1_65' title='bbox 795 666 888 702; x_wconf 67' lang='lat' dir='ltr'><strong>Joan„</strong></span> <span class='ocrx_word' id='word_1_66' title='bbox 903 674 943 694; x_wconf 81' lang='lat' dir='ltr'><strong>1x.</strong></span> 
     </span>
    </p>
   </div>
   <div class='ocr_carea' id='block_1_3' title="bbox 546 778 816 815">
    <p class='ocr_par' dir='ltr' id='par_1_4' title="bbox 546 778 816 815">
     <span class='ocr_line' id='line_1_12' title="bbox 546 778 816 815; baseline 0.004 -1"><span class='ocrx_word' id='word_1_67' title='bbox 546 779 691 814; x_wconf 85' lang='lat' dir='ltr'><strong>CAPUT</strong></span> <span class='ocrx_word' id='word_1_68' title='bbox 713 778 805 815; x_wconf 86' lang='lat' dir='ltr'>LVII</span> <span class='ocrx_word' id='word_1_69' title='bbox 808 806 816 815; x_wconf 89' lang='lat'><strong>.</strong></span> 
     </span>
    </p>
   </div>
   <div class='ocr_carea' id='block_1_4' title="bbox 425 866 937 901">
    <p class='ocr_par' dir='ltr' id='par_1_5' title="bbox 425 866 937 901">
     <span class='ocr_line' id='line_1_13' title="bbox 425 866 937 901; baseline 0.006 -8"><span class='ocrx_word' id='word_1_70' title='bbox 425 866 461 893; x_wconf 88' lang='lat' dir='ltr'><strong>De</strong></span> <span class='ocrx_word' id='word_1_71' title='bbox 474 867 626 901; x_wconf 79' lang='lat' dir='ltr'><strong><em>suspicione</em></strong></span> <span class='ocrx_word' id='word_1_72' title='bbox 639 867 715 900; x_wconf 73' lang='lat' dir='ltr'><strong>falsa</strong></span> <span class='ocrx_word' id='word_1_73' title='bbox 729 869 754 895; x_wconf 84' lang='lat' dir='ltr'><strong>et</strong></span> <span class='ocrx_word' id='word_1_74' title='bbox 769 867 937 896; x_wconf 81' lang='lat' dir='ltr'><strong><em>credulitate.</em></strong></span> 
     </span>
    </p>
   </div>
   <div class='ocr_carea' id='block_1_5' title="bbox 287 949 1072 2692">
    <p class='ocr_par' dir='ltr' id='par_1_6' title="bbox 290 949 1072 1129">
     <span class='ocr_line' id='line_1_14' title="bbox 327 949 1072 987; baseline 0.007 -11"><span class='ocrx_word' id='word_1_75' title='bbox 327 949 472 985; x_wconf 84' lang='lat' dir='ltr'><strong>Cogitavit</strong></span> <span class='ocrx_word' id='word_1_76' title='bbox 493 949 655 986; x_wconf 82' lang='lat' dir='ltr'><strong>Abraham,</strong></span> <span class='ocrx_word' id='word_1_77' title='bbox 677 950 763 987; x_wconf 80' lang='lat' dir='ltr'><strong>quod</strong></span> <span class='ocrx_word' id='word_1_78' title='bbox 789 950 911 980; x_wconf 72' lang='lat' dir='ltr'>forsitan</span> <span class='ocrx_word' id='word_1_79' title='bbox 931 959 993 980; x_wconf 89' lang='lat' dir='ltr'><strong>non</strong></span> <span class='ocrx_word' id='word_1_80' title='bbox 1008 954 1072 982; x_wconf 85' lang='lat' dir='ltr'><strong>erat</strong></span> 
     </span>
     <span class='ocr_line' id='line_1_15' title="bbox 290 995 1068 1034; baseline 0.006 -11"><span class='ocrx_word' id='word_1_81' title='bbox 290 995 379 1024; x_wconf 87' lang='lat' dir='ltr'><strong>timor</strong></span> <span class='ocrx_word' id='word_1_82' title='bbox 398 996 447 1024; x_wconf 84' lang='lat' dir='ltr'><strong>Dei</strong></span> <span class='ocrx_word' id='word_1_83' title='bbox 470 996 500 1024; x_wconf 92' lang='lat' dir='ltr'><strong>in</strong></span> <span class='ocrx_word' id='word_1_84' title='bbox 522 997 646 1033; x_wconf 87' lang='lat' dir='ltr'><strong>Geraris,</strong></span> <span class='ocrx_word' id='word_1_85' title='bbox 671 1000 698 1026; x_wconf 88' lang='lat' dir='ltr'><strong>et</strong></span> <span class='ocrx_word' id='word_1_86' title='bbox 716 997 800 1034; x_wconf 86' lang='lat' dir='ltr'><strong>quod</strong></span> <span class='ocrx_word' id='word_1_87' title='bbox 823 999 960 1028; x_wconf 87' lang='lat' dir='ltr'><strong>homines</strong></span> <span class='ocrx_word' id='word_1_88' title='bbox 984 999 1068 1028; x_wconf 89' lang='lat' dir='ltr'><strong>illius</strong></span> 
     </span>
     <span class='ocr_line' id='line_1_16' title="bbox 290 1042 1070 1082; baseline 0.008 -12"><span class='ocrx_word' id='word_1_89' title='bbox 290 1044 373 1071; x_wconf 81' lang='lat' dir='ltr'><strong>terroe</strong></span> <span class='ocrx_word' id='word_1_90' title='bbox 388 1042 531 1071; x_wconf 87' lang='lat' dir='ltr'><strong>deberent</strong></span> <span class='ocrx_word' id='word_1_91' title='bbox 545 1043 630 1072; x_wconf 89' lang='lat' dir='ltr'><strong>illum</strong></span> <span class='ocrx_word' id='word_1_92' title='bbox 648 1044 784 1074; x_wconf 80' lang='lat' dir='ltr'><strong>occidere</strong></span> <span class='ocrx_word' id='word_1_93' title='bbox 803 1048 925 1082; x_wconf 86' lang='lat' dir='ltr'><strong>propter</strong></span> <span class='ocrx_word' id='word_1_94' title='bbox 946 1055 1070 1076; x_wconf 85' lang='lat' dir='ltr'><strong>uxorem</strong></span> 
     </span>
     <span class='ocr_line' id='line_1_17' title="bbox 290 1091 1070 1129; baseline 0.006 -11"><span class='ocrx_word' id='word_1_95' title='bbox 290 1091 476 1126; x_wconf 84' lang='lat' dir='ltr'><strong>sua1n.Gen.‚</strong></span> <span class='ocrx_word' id='word_1_96' title='bbox 487 1099 538 1119; x_wconf 81' lang='lat' dir='ltr'><strong>xx.</strong></span> <span class='ocrx_word' id='word_1_97' title='bbox 550 1091 650 1120; x_wconf 83' lang='lat' dir='ltr'><strong>Simile</strong></span> <span class='ocrx_word' id='word_1_98' title='bbox 667 1092 773 1121; x_wconf 88' lang='lat' dir='ltr'><strong>accidit</strong></span> <span class='ocrx_word' id='word_1_99' title='bbox 789 1094 879 1129; x_wconf 83' lang='lat' dir='ltr'><strong>isaac,</strong></span> <span class='ocrx_word' id='word_1_100' title='bbox 896 1093 972 1129; x_wconf 60' lang='lat' dir='ltr'><strong>Gen„</strong></span> <span class='ocrx_word' id='word_1_101' title='bbox 989 1102 1070 1123; x_wconf 79' lang='lat' dir='ltr'><strong>xxvr.</strong></span> 
     </span>
    </p>

    <p class='ocr_par' dir='ltr' id='par_1_7' title="bbox 290 1137 1070 1270">
     <span class='ocr_line' id='line_1_18' title="bbox 326 1137 1070 1177; baseline 0.005 -11"><span class='ocrx_word' id='word_1_102' title='bbox 326 1137 494 1174; x_wconf 78' lang='lat' dir='ltr'><strong>Suspicatus</strong></span> <span class='ocrx_word' id='word_1_103' title='bbox 521 1141 564 1167; x_wconf 75' lang='lat' dir='ltr'><strong>est</strong></span> <span class='ocrx_word' id='word_1_104' title='bbox 590 1139 707 1175; x_wconf 86' lang='lat' dir='ltr'><strong>Laban,</strong></span> <span class='ocrx_word' id='word_1_105' title='bbox 734 1140 818 1177; x_wconf 84' lang='lat' dir='ltr'><strong>quod</strong></span> <span class='ocrx_word' id='word_1_106' title='bbox 840 1140 932 1169; x_wconf 79' lang='lat' dir='ltr'><strong>Jacob</strong></span> <span class='ocrx_word' id='word_1_107' title='bbox 957 1142 1070 1170; x_wconf 81' lang='lat' dir='ltr'><strong>furatus</strong></span> 
     </span>
     <span class='ocr_line' id='line_1_19' title="bbox 290 1186 1070 1222; baseline 0.005 -8"><span class='ocrx_word' id='word_1_108' title='bbox 290 1187 364 1214; x_wconf 83' lang='lat' dir='ltr'><strong>esset</strong></span> <span class='ocrx_word' id='word_1_109' title='bbox 379 1186 452 1214; x_wconf 89' lang='lat' dir='ltr'><strong>deos</strong></span> <span class='ocrx_word' id='word_1_110' title='bbox 462 1187 535 1222; x_wconf 89' lang='lat' dir='ltr'><strong>ejus,</strong></span> <span class='ocrx_word' id='word_1_111' title='bbox 552 1189 579 1215; x_wconf 89' lang='lat' dir='ltr'><strong>et</strong></span> <span class='ocrx_word' id='word_1_112' title='bbox 589 1187 629 1215; x_wconf 89' lang='lat' dir='ltr'><strong>ob</strong></span> <span class='ocrx_word' id='word_1_113' title='bbox 639 1187 716 1216; x_wconf 82' lang='lat' dir='ltr'><strong>hanc</strong></span> <span class='ocrx_word' id='word_1_114' title='bbox 732 1196 852 1217; x_wconf 84' lang='lat' dir='ltr'><strong>causam</strong></span> <span class='ocrx_word' id='word_1_115' title='bbox 869 1191 1012 1218; x_wconf 83' lang='lat' dir='ltr'><strong>scrutatus</strong></span> <span class='ocrx_word' id='word_1_116' title='bbox 1027 1192 1070 1219; x_wconf 85' lang='lat' dir='ltr'><strong>est</strong></span> 
     </span>
     <span class='ocr_line' id='line_1_20' title="bbox 291 1233 917 1270; baseline 0.006 -10"><span class='ocrx_word' id='word_1_117' title='bbox 291 1234 381 1260; x_wconf 88' lang='lat' dir='ltr'><strong>totam</strong></span> <span class='ocrx_word' id='word_1_118' title='bbox 397 1233 609 1269; x_wconf 86' lang='lat' dir='ltr'><strong>supellectilem</strong></span> <span class='ocrx_word' id='word_1_119' title='bbox 624 1234 727 1270; x_wconf 86' lang='lat' dir='ltr'><strong>ipsius.</strong></span> <span class='ocrx_word' id='word_1_120' title='bbox 747 1235 825 1270; x_wconf 66' lang='lat' dir='ltr'><strong>Gen„</strong></span> <span class='ocrx_word' id='word_1_121' title='bbox 836 1244 917 1264; x_wconf 78' lang='lat' dir='ltr'><strong>xxxi.</strong></span> 
     </span>
    </p>

    <p class='ocr_par' dir='ltr' id='par_1_8' title="bbox 289 1280 1070 1410">
     <span class='ocr_line' id='line_1_21' title="bbox 326 1280 1069 1320; baseline 0.007 -13"><span class='ocrx_word' id='word_1_122' title='bbox 326 1280 433 1308; x_wconf 88' lang='lat' dir='ltr'><strong>Videns</strong></span> <span class='ocrx_word' id='word_1_123' title='bbox 459 1280 550 1309; x_wconf 83' lang='lat' dir='ltr'><strong>Jacob</strong></span> <span class='ocrx_word' id='word_1_124' title='bbox 578 1282 754 1310; x_wconf 81' lang='lat' dir='ltr'><strong>vestimenta</strong></span> <span class='ocrx_word' id='word_1_125' title='bbox 785 1283 893 1319; x_wconf 82' lang='lat' dir='ltr'><strong>Joseph</strong></span> <span class='ocrx_word' id='word_1_126' title='bbox 922 1284 1069 1320; x_wconf 84' lang='lat' dir='ltr'><strong>sanguine</strong></span> 
     </span>
     <span class='ocr_line' id='line_1_22' title="bbox 290 1328 1070 1366; baseline 0.006 -11"><span class='ocrx_word' id='word_1_127' title='bbox 290 1330 450 1362; x_wconf 83' lang='lat' dir='ltr'><strong>cruentata,</strong></span> <span class='ocrx_word' id='word_1_128' title='bbox 465 1328 580 1364; x_wconf 87' lang='lat' dir='ltr'><strong>putavit</strong></span> <span class='ocrx_word' id='word_1_129' title='bbox 593 1336 662 1356; x_wconf 89' lang='lat' dir='ltr'><strong>eum</strong></span> <span class='ocrx_word' id='word_1_130' title='bbox 678 1337 740 1357; x_wconf 88' lang='lat' dir='ltr'><strong>esse</strong></span> <span class='ocrx_word' id='word_1_131' title='bbox 755 1332 917 1366; x_wconf 85' lang='lat' dir='ltr'><strong>mortuum,</strong></span> <span class='ocrx_word' id='word_1_132' title='bbox 933 1333 961 1359; x_wconf 88' lang='lat' dir='ltr'><strong>et</strong></span> <span class='ocrx_word' id='word_1_133' title='bbox 975 1339 993 1360; x_wconf 88' lang='lat' dir='ltr'><strong>a</strong></span> <span class='ocrx_word' id='word_1_134' title='bbox 1007 1331 1070 1360; x_wconf 79' lang='lat' dir='ltr'><strong>fera</strong></span> 
     </span>
     <span class='ocr_line' id='line_1_23' title="bbox 289 1374 842 1410; baseline 0.005 -8"><span class='ocrx_word' id='word_1_135' title='bbox 289 1375 418 1410; x_wconf 90' lang='lat' dir='ltr'><strong>pessima</strong></span> <span class='ocrx_word' id='word_1_136' title='bbox 430 1374 616 1404; x_wconf 87' lang='lat' dir='ltr'><strong>devoratum.</strong></span> <span class='ocrx_word' id='word_1_137' title='bbox 635 1376 712 1410; x_wconf 66' lang='lat' dir='ltr'><strong>Gen„</strong></span> <span class='ocrx_word' id='word_1_138' title='bbox 730 1385 842 1405; x_wconf 78' lang='lat' dir='ltr'><strong>xxxvn.</strong></span> 
     </span>
    </p>

    <p class='ocr_par' dir='ltr' id='par_1_9' title="bbox 289 1422 1070 1600">
     <span class='ocr_line' id='line_1_24' title="bbox 326 1422 1069 1459; baseline 0.007 -10"><span class='ocrx_word' id='word_1_139' title='bbox 326 1422 464 1458; x_wconf 85' lang='lat' dir='ltr'><strong>Praecepit</strong></span> <span class='ocrx_word' id='word_1_140' title='bbox 477 1423 585 1459; x_wconf 83' lang='lat' dir='ltr'><strong>Josoph</strong></span> <span class='ocrx_word' id='word_1_141' title='bbox 600 1423 795 1459; x_wconf 80' lang='lat' dir='ltr'><strong>dispensatori</strong></span> <span class='ocrx_word' id='word_1_142' title='bbox 811 1432 877 1459; x_wconf 88' lang='lat' dir='ltr'><strong>suo,</strong></span> <span class='ocrx_word' id='word_1_143' title='bbox 896 1425 1069 1454; x_wconf 87' lang='lat' dir='ltr'><strong>utintrodu-</strong></span> 
     </span>
     <span class='ocr_line' id='line_1_25' title="bbox 290 1469 1070 1501; baseline 0.005 -5"><span class='ocrx_word' id='word_1_144' title='bbox 290 1471 368 1497; x_wconf 85' lang='lat' dir='ltr'><strong>ceret</strong></span> <span class='ocrx_word' id='word_1_145' title='bbox 381 1469 485 1497; x_wconf 81' lang='lat' dir='ltr'><strong>fratres</strong></span> <span class='ocrx_word' id='word_1_146' title='bbox 500 1477 570 1497; x_wconf 90' lang='lat' dir='ltr'><strong>suos</strong></span> <span class='ocrx_word' id='word_1_147' title='bbox 585 1469 710 1498; x_wconf 88' lang='lat' dir='ltr'><strong>domum</strong></span> <span class='ocrx_word' id='word_1_148' title='bbox 732 1470 771 1498; x_wconf 86' lang='lat' dir='ltr'><strong>ad</strong></span> <span class='ocrx_word' id='word_1_149' title='bbox 787 1471 1007 1500; x_wconf 80' lang='lat' dir='ltr'><strong>comedendum</strong></span> <span class='ocrx_word' id='word_1_150' title='bbox 1027 1481 1070 1501; x_wconf 89' lang='lat' dir='ltr'><strong>se-</strong></span> 
     </span>
     <span class='ocr_line' id='line_1_26' title="bbox 290 1516 1070 1556; baseline 0.008 -13"><span class='ocrx_word' id='word_1_151' title='bbox 290 1524 373 1550; x_wconf 85' lang='lat' dir='ltr'><strong>cum;</strong></span> <span class='ocrx_word' id='word_1_152' title='bbox 390 1518 420 1544; x_wconf 94' lang='lat' dir='ltr'><strong>at</strong></span> <span class='ocrx_word' id='word_1_153' title='bbox 434 1516 477 1544; x_wconf 87' lang='lat' dir='ltr'><strong>illi</strong></span> <span class='ocrx_word' id='word_1_154' title='bbox 500 1517 626 1545; x_wconf 80' lang='lat' dir='ltr'><strong>exterriti</strong></span> <span class='ocrx_word' id='word_1_155' title='bbox 653 1517 864 1553; x_wconf 86' lang='lat' dir='ltr'><strong>crediderunt,</strong></span> <span class='ocrx_word' id='word_1_156' title='bbox 879 1520 962 1556; x_wconf 87' lang='lat' dir='ltr'><strong>quod</strong></span> <span class='ocrx_word' id='word_1_157' title='bbox 979 1519 1070 1549; x_wconf 84' lang='lat' dir='ltr'><strong>vellet</strong></span> 
     </span>
     <span class='ocr_line' id='line_1_27' title="bbox 289 1563 816 1600; baseline 0.006 -10"><span class='ocrx_word' id='word_1_158' title='bbox 289 1571 340 1591; x_wconf 91' lang='lat' dir='ltr'><strong>eos</strong></span> <span class='ocrx_word' id='word_1_159' title='bbox 351 1563 495 1599; x_wconf 85' lang='lat' dir='ltr'><strong>subjicere</strong></span> <span class='ocrx_word' id='word_1_160' title='bbox 511 1564 651 1592; x_wconf 86' lang='lat' dir='ltr'><strong>servituti.</strong></span> <span class='ocrx_word' id='word_1_161' title='bbox 669 1566 745 1600; x_wconf 63' lang='lat' dir='ltr'><strong>Gen„</strong></span> <span class='ocrx_word' id='word_1_162' title='bbox 760 1574 816 1594; x_wconf 75' lang='lat' dir='ltr'><strong>xu.</strong></span> 
     </span>
    </p>

    <p class='ocr_par' dir='ltr' id='par_1_10' title="bbox 289 1610 1070 1837">
     <span class='ocr_line' id='line_1_28' title="bbox 323 1610 1070 1649; baseline 0.007 -10"><span class='ocrx_word' id='word_1_163' title='bbox 323 1610 475 1639; x_wconf 79' lang='lat' dir='ltr'><strong>Rubenitae</strong></span> <span class='ocrx_word' id='word_1_164' title='bbox 499 1613 527 1639; x_wconf 88' lang='lat' dir='ltr'><strong>et</strong></span> <span class='ocrx_word' id='word_1_165' title='bbox 553 1612 661 1640; x_wconf 77' lang='lat' dir='ltr'><strong>tiaditae</strong></span> <span class='ocrx_word' id='word_1_166' title='bbox 682 1614 784 1640; x_wconf 82' lang='lat' dir='ltr'><strong>euntes</strong></span> <span class='ocrx_word' id='word_1_167' title='bbox 807 1613 846 1640; x_wconf 86' lang='lat' dir='ltr'><strong>ad</strong></span> <span class='ocrx_word' id='word_1_168' title='bbox 866 1614 1070 1649; x_wconf 84' lang='lat' dir='ltr'><strong>possessiones</strong></span> 
     </span>
     <span class='ocr_line' id='line_1_29' title="bbox 289 1657 1069 1698; baseline 0.005 -12"><span class='ocrx_word' id='word_1_169' title='bbox 289 1666 357 1686; x_wconf 77' lang='lat' dir='ltr'><strong>suas</strong></span> <span class='ocrx_word' id='word_1_170' title='bbox 372 1657 591 1687; x_wconf 69' lang='lat' dir='ltr'><strong>aedificaverunt</strong></span> <span class='ocrx_word' id='word_1_171' title='bbox 606 1659 697 1687; x_wconf 86' lang='lat' dir='ltr'><strong>altare</strong></span> <span class='ocrx_word' id='word_1_172' title='bbox 709 1660 794 1695; x_wconf 87' lang='lat' dir='ltr'><strong>juxta</strong></span> <span class='ocrx_word' id='word_1_173' title='bbox 806 1660 966 1689; x_wconf 85' lang='lat' dir='ltr'><strong>Jordanem</strong></span> <span class='ocrx_word' id='word_1_174' title='bbox 983 1671 990 1689; x_wconf 87' lang='lat'>:</span> <span class='ocrx_word' id='word_1_175' title='bbox 1008 1671 1069 1698; x_wconf 86' lang='lat' dir='ltr'><strong>quo</strong></span> 
     </span>
     <span class='ocr_line' id='line_1_30' title="bbox 289 1706 1069 1744; baseline 0.008 -11"><span class='ocrx_word' id='word_1_176' title='bbox 289 1706 406 1741; x_wconf 86' lang='lat' dir='ltr'><strong>audito,</strong></span> <span class='ocrx_word' id='word_1_177' title='bbox 429 1706 481 1734; x_wconf 81' lang='lat' dir='ltr'><strong>filii</strong></span> <span class='ocrx_word' id='word_1_178' title='bbox 503 1707 590 1735; x_wconf 83' lang='lat' dir='ltr'><strong>lsrael</strong></span> <span class='ocrx_word' id='word_1_179' title='bbox 612 1708 719 1736; x_wconf 86' lang='lat' dir='ltr'><strong>turbati</strong></span> <span class='ocrx_word' id='word_1_180' title='bbox 744 1709 880 1744; x_wconf 72' lang='lat' dir='ltr'><strong>suerunt,</strong></span> <span class='ocrx_word' id='word_1_181' title='bbox 906 1710 1069 1738; x_wconf 78' lang='lat' dir='ltr'><strong>nescientes</strong></span> 
     </span>
     <span class='ocr_line' id='line_1_31' title="bbox 289 1753 1070 1792; baseline 0.005 -12"><span class='ocrx_word' id='word_1_182' title='bbox 289 1761 381 1788; x_wconf 90' lang='lat' dir='ltr'><strong>quare</strong></span> <span class='ocrx_word' id='word_1_183' title='bbox 396 1753 453 1781; x_wconf 83' lang='lat' dir='ltr'><strong>hoe</strong></span> <span class='ocrx_word' id='word_1_184' title='bbox 465 1754 597 1782; x_wconf 73' lang='lat' dir='ltr'><strong>fecissent</strong></span> <span class='ocrx_word' id='word_1_185' title='bbox 613 1755 665 1789; x_wconf 86' lang='lat' dir='ltr'><strong>illi,</strong></span> <span class='ocrx_word' id='word_1_186' title='bbox 678 1757 704 1783; x_wconf 86' lang='lat' dir='ltr'><strong>et</strong></span> <span class='ocrx_word' id='word_1_187' title='bbox 715 1758 852 1791; x_wconf 83' lang='lat' dir='ltr'><strong>putantes</strong></span> <span class='ocrx_word' id='word_1_188' title='bbox 866 1756 951 1792; x_wconf 85' lang='lat' dir='ltr'><strong>quod</strong></span> <span class='ocrx_word' id='word_1_189' title='bbox 960 1757 1070 1784; x_wconf 82' lang='lat' dir='ltr'><strong>vellent</strong></span> 
     </span>
     <span class='ocr_line' id='line_1_32' title="bbox 290 1800 1037 1837; baseline 0.007 -11"><span class='ocrx_word' id='word_1_190' title='bbox 290 1807 319 1827; x_wconf 85' lang='lat' dir='ltr'><strong>se</strong></span> <span class='ocrx_word' id='word_1_191' title='bbox 334 1800 372 1827; x_wconf 83' lang='lat' dir='ltr'><strong>ab</strong></span> <span class='ocrx_word' id='word_1_192' title='bbox 389 1808 493 1828; x_wconf 81' lang='lat' dir='ltr'><strong>eorum</strong></span> <span class='ocrx_word' id='word_1_193' title='bbox 506 1801 569 1835; x_wconf 76' lang='lat' dir='ltr'><strong>lege</strong></span> <span class='ocrx_word' id='word_1_194' title='bbox 584 1802 700 1837; x_wconf 84' lang='lat' dir='ltr'><strong>penitus</strong></span> <span class='ocrx_word' id='word_1_195' title='bbox 715 1810 863 1837; x_wconf 83' lang='lat' dir='ltr'><strong>separare.</strong></span> <span class='ocrx_word' id='word_1_196' title='bbox 879 1805 945 1835; x_wconf 66' lang='lat' dir='ltr'><strong>Jos„</strong></span> <span class='ocrx_word' id='word_1_197' title='bbox 964 1812 1037 1831; x_wconf 79' lang='lat' dir='ltr'><strong>xxii.</strong></span> 
     </span>
    </p>

    <p class='ocr_par' dir='ltr' id='par_1_11' title="bbox 288 1846 1069 2026">
     <span class='ocr_line' id='line_1_33' title="bbox 325 1846 1069 1885; baseline 0.005 -12"><span class='ocrx_word' id='word_1_198' title='bbox 325 1847 397 1874; x_wconf 87' lang='lat' dir='ltr'><strong>Cum</strong></span> <span class='ocrx_word' id='word_1_199' title='bbox 419 1846 488 1874; x_wconf 78' lang='lat' dir='ltr'><strong>isset</strong></span> <span class='ocrx_word' id='word_1_200' title='bbox 507 1849 631 1875; x_wconf 78' lang='lat' dir='ltr'>Samson</span> <span class='ocrx_word' id='word_1_201' title='bbox 647 1848 686 1876; x_wconf 86' lang='lat' dir='ltr'><strong>ad</strong></span> <span class='ocrx_word' id='word_1_202' title='bbox 702 1848 826 1876; x_wconf 85' lang='lat' dir='ltr'><strong>domum</strong></span> <span class='ocrx_word' id='word_1_203' title='bbox 841 1849 932 1885; x_wconf 86' lang='lat' dir='ltr'><strong>patris</strong></span> <span class='ocrx_word' id='word_1_204' title='bbox 951 1850 1007 1884; x_wconf 82' lang='lat' dir='ltr'><strong>sui,</strong></span> <span class='ocrx_word' id='word_1_205' title='bbox 1022 1858 1069 1877; x_wconf 83' lang='lat' dir='ltr'><strong>so-</strong></span> 
     </span>
     <span class='ocr_line' id='line_1_34' title="bbox 289 1895 1068 1932; baseline 0.006 -11"><span class='ocrx_word' id='word_1_206' title='bbox 289 1901 338 1922; x_wconf 87' lang='lat' dir='ltr'><strong>cer</strong></span> <span class='ocrx_word' id='word_1_207' title='bbox 352 1895 415 1929; x_wconf 83' lang='lat' dir='ltr'><strong>ejus</strong></span> <span class='ocrx_word' id='word_1_208' title='bbox 434 1896 562 1931; x_wconf 87' lang='lat' dir='ltr'><strong>putavit,</strong></span> <span class='ocrx_word' id='word_1_209' title='bbox 588 1897 671 1932; x_wconf 88' lang='lat' dir='ltr'><strong>quod</strong></span> <span class='ocrx_word' id='word_1_210' title='bbox 695 1897 766 1926; x_wconf 91' lang='lat' dir='ltr'><strong>odio</strong></span> <span class='ocrx_word' id='word_1_211' title='bbox 790 1897 915 1926; x_wconf 86' lang='lat' dir='ltr'><strong>haberet</strong></span> <span class='ocrx_word' id='word_1_212' title='bbox 943 1906 1068 1926; x_wconf 78' lang='lat' dir='ltr'><strong>uxorem</strong></span> 
     </span>
     <span class='ocr_line' id='line_1_35' title="bbox 288 1942 1069 1980; baseline 0.008 -12"><span class='ocrx_word' id='word_1_213' title='bbox 288 1949 388 1975; x_wconf 85' lang='lat' dir='ltr'><strong>suam,</strong></span> <span class='ocrx_word' id='word_1_214' title='bbox 404 1944 431 1970; x_wconf 86' lang='lat' dir='ltr'><strong>et</strong></span> <span class='ocrx_word' id='word_1_215' title='bbox 449 1942 532 1978; x_wconf 87' lang='lat' dir='ltr'><strong>quod</strong></span> <span class='ocrx_word' id='word_1_216' title='bbox 551 1944 723 1979; x_wconf 84' lang='lat' dir='ltr'><strong>repudiaret</strong></span> <span class='ocrx_word' id='word_1_217' title='bbox 742 1952 823 1980; x_wconf 83' lang='lat' dir='ltr'><strong>eam3</strong></span> <span class='ocrx_word' id='word_1_218' title='bbox 849 1945 929 1973; x_wconf 89' lang='lat' dir='ltr'><strong>unde</strong></span> <span class='ocrx_word' id='word_1_219' title='bbox 951 1945 1069 1974; x_wconf 82' lang='lat' dir='ltr'><strong>tradidit</strong></span> 
     </span>
     <span class='ocr_line' id='line_1_36' title="bbox 288 1989 693 2026; baseline 0.005 -10"><span class='ocrx_word' id='word_1_220' title='bbox 288 1996 355 2016; x_wconf 85' lang='lat' dir='ltr'><strong>eam</strong></span> <span class='ocrx_word' id='word_1_221' title='bbox 370 1989 418 2017; x_wconf 87' lang='lat' dir='ltr'><strong>alii</strong></span> <span class='ocrx_word' id='word_1_222' title='bbox 434 1990 509 2018; x_wconf 90' lang='lat' dir='ltr'><strong>viro.</strong></span> <span class='ocrx_word' id='word_1_223' title='bbox 526 1991 628 2026; x_wconf 58' lang='lat' dir='ltr'><strong>ludia,</strong></span> <span class='ocrx_word' id='word_1_224' title='bbox 645 1999 693 2019; x_wconf 78' lang='lat' dir='ltr'><strong>xv.</strong></span> 
     </span>
    </p>

    <p class='ocr_par' dir='ltr' id='par_1_12' title="bbox 287 2035 1068 2166">
     <span class='ocr_line' id='line_1_37' title="bbox 324 2035 1068 2074; baseline 0.005 -11"><span class='ocrx_word' id='word_1_225' title='bbox 324 2035 383 2063; x_wconf 85' lang='lat' dir='ltr'><strong>Heli</strong></span> <span class='ocrx_word' id='word_1_226' title='bbox 399 2036 504 2065; x_wconf 83' lang='lat' dir='ltr'><strong>videns</strong></span> <span class='ocrx_word' id='word_1_227' title='bbox 518 2038 633 2066; x_wconf 74' lang='lat' dir='ltr'><strong>Annam</strong></span> <span class='ocrx_word' id='word_1_228' title='bbox 649 2038 729 2066; x_wconf 86' lang='lat' dir='ltr'><strong>labia</strong></span> <span class='ocrx_word' id='word_1_229' title='bbox 744 2047 864 2067; x_wconf 86' lang='lat' dir='ltr'><strong>movere</strong></span> <span class='ocrx_word' id='word_1_230' title='bbox 876 2061 885 2074; x_wconf 93' lang='lat'><em>‚</em></span> <span class='ocrx_word' id='word_1_231' title='bbox 910 2042 937 2067; x_wconf 88' lang='lat' dir='ltr'><strong>et</strong></span> <span class='ocrx_word' id='word_1_232' title='bbox 950 2039 1068 2067; x_wconf 86' lang='lat' dir='ltr'><strong>nullum</strong></span> 
     </span>
     <span class='ocr_line' id='line_1_38' title="bbox 287 2083 1068 2120; baseline 0.005 -10"><span class='ocrx_word' id='word_1_233' title='bbox 287 2083 413 2110; x_wconf 85' lang='lat' dir='ltr'><strong>verbum</strong></span> <span class='ocrx_word' id='word_1_234' title='bbox 428 2086 509 2112; x_wconf 76' lang='lat' dir='ltr'><strong>extra</strong></span> <span class='ocrx_word' id='word_1_235' title='bbox 525 2085 674 2120; x_wconf 81' lang='lat' dir='ltr'><strong>proferre,</strong></span> <span class='ocrx_word' id='word_1_236' title='bbox 690 2086 844 2114; x_wconf 63' lang='lat' dir='ltr'><strong>{estimavit</strong></span> <span class='ocrx_word' id='word_1_237' title='bbox 861 2094 927 2114; x_wconf 87' lang='lat' dir='ltr'><strong>eam</strong></span> <span class='ocrx_word' id='word_1_238' title='bbox 947 2094 1010 2114; x_wconf 81' lang='lat' dir='ltr'><strong>esse</strong></span> <span class='ocrx_word' id='word_1_239' title='bbox 1025 2088 1068 2114; x_wconf 81' lang='lat' dir='ltr'><strong>te-</strong></span> 
     </span>
     <span class='ocr_line' id='line_1_39' title="bbox 287 2130 616 2166; baseline 0.009 -10"><span class='ocrx_word' id='word_1_240' title='bbox 287 2130 463 2164; x_wconf 86' lang='lat' dir='ltr'><strong>mulentam,</strong></span> <span class='ocrx_word' id='word_1_241' title='bbox 480 2133 487 2159; x_wconf 94' lang='lat' dir='ltr'><strong>l</strong></span> <span class='ocrx_word' id='word_1_242' title='bbox 504 2132 581 2166; x_wconf 62' lang='lat' dir='ltr'><strong>Rea„</strong></span> <span class='ocrx_word' id='word_1_243' title='bbox 597 2141 616 2160; x_wconf 85' lang='grc' dir='ltr'><strong>ι.</strong></span> 
     </span>
    </p>

    <p class='ocr_par' dir='ltr' id='par_1_13' title="bbox 287 2177 1068 2403">
     <span class='ocr_line' id='line_1_40' title="bbox 322 2177 1067 2217; baseline 0.009 -14"><span class='ocrx_word' id='word_1_244' title='bbox 322 2177 397 2209; x_wconf 82' lang='lat' dir='ltr'><strong>Quia</strong></span> <span class='ocrx_word' id='word_1_245' title='bbox 418 2178 487 2205; x_wconf 82' lang='lat' dir='ltr'><strong>Saul</strong></span> <span class='ocrx_word' id='word_1_246' title='bbox 502 2180 738 2215; x_wconf 75' lang='lat' dir='ltr'><strong>persequebatur</strong></span> <span class='ocrx_word' id='word_1_247' title='bbox 760 2181 870 2215; x_wconf 77' lang='lat' dir='ltr'><strong>David,</strong></span> <span class='ocrx_word' id='word_1_248' title='bbox 892 2181 1067 2217; x_wconf 77' lang='lat' dir='ltr'><strong>imponebat</strong></span> 
     </span>
     <span class='ocr_line' id='line_1_41' title="bbox 287 2223 1066 2265; baseline 0.009 -15"><span class='ocrx_word' id='word_1_249' title='bbox 287 2223 342 2259; x_wconf 87' lang='lat' dir='ltr'><strong>ipsi</strong></span> <span class='ocrx_word' id='word_1_250' title='bbox 366 2224 474 2259; x_wconf 85' lang='lat' dir='ltr'><strong>David,</strong></span> <span class='ocrx_word' id='word_1_251' title='bbox 490 2226 571 2261; x_wconf 84' lang='lat' dir='ltr'><strong>quod</strong></span> <span class='ocrx_word' id='word_1_252' title='bbox 597 2230 623 2254; x_wconf 88' lang='lat' dir='ltr'><strong>et</strong></span> <span class='ocrx_word' id='word_1_253' title='bbox 645 2228 706 2263; x_wconf 72' lang='lat' dir='ltr'><strong>ipse</strong></span> <span class='ocrx_word' id='word_1_254' title='bbox 728 2231 956 2264; x_wconf 76' lang='lat' dir='ltr'><strong>persequeretur</strong></span> <span class='ocrx_word' id='word_1_255' title='bbox 980 2237 1066 2265; x_wconf 83' lang='lat' dir='ltr'><strong>eum;</strong></span> 
     </span>
     <span class='ocr_line' id='line_1_42' title="bbox 287 2269 1067 2308; baseline 0.01 -12"><span class='ocrx_word' id='word_1_256' title='bbox 287 2269 367 2297; x_wconf 84' lang='lat' dir='ltr'><strong>unde</strong></span> <span class='ocrx_word' id='word_1_257' title='bbox 383 2271 510 2307; x_wconf 77' lang='lat' dir='ltr'><strong>dicebat,</strong></span> <span class='ocrx_word' id='word_1_258' title='bbox 527 2274 609 2308; x_wconf 83' lang='lat' dir='ltr'><strong>quod</strong></span> <span class='ocrx_word' id='word_1_259' title='bbox 627 2274 703 2301; x_wconf 77' lang='lat' dir='ltr'><strong>filius</strong></span> <span class='ocrx_word' id='word_1_260' title='bbox 727 2284 797 2302; x_wconf 80' lang='lat' dir='ltr'><strong>suus</strong></span> <span class='ocrx_word' id='word_1_261' title='bbox 817 2277 957 2304; x_wconf 84' lang='lat' dir='ltr'><strong>Jonathas</strong></span> <span class='ocrx_word' id='word_1_262' title='bbox 979 2276 1067 2304; x_wconf 79' lang='lat' dir='ltr'><strong>susci-</strong></span> 
     </span>
     <span class='ocr_line' id='line_1_43' title="bbox 287 2319 1068 2359; baseline 0.012 -15"><span class='ocrx_word' id='word_1_263' title='bbox 287 2319 400 2345; x_wconf 87' lang='lat' dir='ltr'><strong>taverat</strong></span> <span class='ocrx_word' id='word_1_264' title='bbox 424 2327 543 2348; x_wconf 84' lang='lat' dir='ltr'><strong>servum</strong></span> <span class='ocrx_word' id='word_1_265' title='bbox 564 2330 651 2349; x_wconf 87' lang='lat' dir='ltr'><strong>suurn</strong></span> <span class='ocrx_word' id='word_1_266' title='bbox 678 2322 867 2351; x_wconf 65' lang='lat' dir='ltr'><strong>insidiantem</strong></span> <span class='ocrx_word' id='word_1_267' title='bbox 895 2325 967 2359; x_wconf 79' lang='lat' dir='ltr'><strong>sibi,</strong></span> <span class='ocrx_word' id='word_1_268' title='bbox 1000 2325 1068 2353; x_wconf 85' lang='lat' dir='ltr'><strong>licet</strong></span> 
     </span>
     <span class='ocr_line' id='line_1_44' title="bbox 288 2364 777 2403; baseline 0.008 -10"><span class='ocrx_word' id='word_1_269' title='bbox 288 2368 362 2393; x_wconf 80' lang='lat' dir='ltr'><strong>esset</strong></span> <span class='ocrx_word' id='word_1_270' title='bbox 375 2364 575 2395; x_wconf 83' lang='lat' dir='ltr'><strong>falsissimum.</strong></span> <span class='ocrx_word' id='word_1_271' title='bbox 594 2370 601 2396; x_wconf 95' lang='grc'>1</span> <span class='ocrx_word' id='word_1_272' title='bbox 617 2370 695 2403; x_wconf 62' lang='lat' dir='ltr'><strong>Rng„</strong></span> <span class='ocrx_word' id='word_1_273' title='bbox 706 2377 777 2397; x_wconf 80' lang='lat' dir='ltr'><strong>xxu.</strong></span> 
     </span>
    </p>

    <p class='ocr_par' dir='ltr' id='par_1_14' title="bbox 288 2413 1067 2591">
     <span class='ocr_line' id='line_1_45' title="bbox 323 2413 1067 2454; baseline 0.009 -15"><span class='ocrx_word' id='word_1_274' title='bbox 323 2413 396 2440; x_wconf 88' lang='lat' dir='ltr'><strong>Cum</strong></span> <span class='ocrx_word' id='word_1_275' title='bbox 413 2416 486 2441; x_wconf 85' lang='lat' dir='ltr'><strong>esset</strong></span> <span class='ocrx_word' id='word_1_276' title='bbox 502 2415 593 2442; x_wconf 84' lang='lat' dir='ltr'><strong>David</strong></span> <span class='ocrx_word' id='word_1_277' title='bbox 609 2423 676 2442; x_wconf 85' lang='lat' dir='ltr'><strong>cum</strong></span> <span class='ocrx_word' id='word_1_278' title='bbox 691 2416 787 2451; x_wconf 77' lang='lat' dir='ltr'><strong>Aeliis,</strong></span> <span class='ocrx_word' id='word_1_279' title='bbox 801 2425 870 2452; x_wconf 80' lang='lat' dir='ltr'><strong>rege</strong></span> <span class='ocrx_word' id='word_1_280' title='bbox 886 2418 967 2453; x_wconf 80' lang='lat' dir='ltr'><strong>Geth,</strong></span> <span class='ocrx_word' id='word_1_281' title='bbox 982 2420 1067 2454; x_wconf 65' lang='lat' dir='ltr'><strong>quusi</strong></span> 
     </span>
     <span class='ocr_line' id='line_1_46' title="bbox 288 2460 1067 2501; baseline 0.009 -15"><span class='ocrx_word' id='word_1_282' title='bbox 288 2462 385 2487; x_wconf 84' lang='lat' dir='ltr'><strong>custos</strong></span> <span class='ocrx_word' id='word_1_283' title='bbox 405 2460 507 2497; x_wconf 83' lang='lat' dir='ltr'><strong>eapitis</strong></span> <span class='ocrx_word' id='word_1_284' title='bbox 527 2462 586 2496; x_wconf 65' lang='lat' dir='ltr'><strong>sui,</strong></span> <span class='ocrx_word' id='word_1_285' title='bbox 610 2465 733 2499; x_wconf 64' lang='lat' dir='ltr'><strong>sau-apsa</strong></span> <span class='ocrx_word' id='word_1_286' title='bbox 752 2463 891 2492; x_wconf 82' lang='lat' dir='ltr'><strong>dixerunt</strong></span> <span class='ocrx_word' id='word_1_287' title='bbox 911 2465 948 2492; x_wconf 88' lang='lat' dir='ltr'><strong>ad</strong></span> <span class='ocrx_word' id='word_1_288' title='bbox 971 2466 1067 2501; x_wconf 79' lang='lat' dir='ltr'><strong>Aeliis,</strong></span> 
     </span>
     <span class='ocr_line' id='line_1_47' title="bbox 288 2508 1067 2547; baseline 0.009 -13"><span class='ocrx_word' id='word_1_289' title='bbox 288 2509 319 2534; x_wconf 89' lang='lat' dir='ltr'><strong>ut</strong></span> <span class='ocrx_word' id='word_1_290' title='bbox 338 2508 489 2536; x_wconf 78' lang='lat' dir='ltr'><strong>recederet</strong></span> <span class='ocrx_word' id='word_1_291' title='bbox 518 2509 629 2544; x_wconf 75' lang='lat' dir='ltr'><strong>David,</strong></span> <span class='ocrx_word' id='word_1_292' title='bbox 651 2518 687 2538; x_wconf 90' lang='lat' dir='ltr'><strong>ne</strong></span> <span class='ocrx_word' id='word_1_293' title='bbox 714 2510 788 2539; x_wconf 78' lang='lat' dir='ltr'><strong>sorte</strong></span> <span class='ocrx_word' id='word_1_294' title='bbox 813 2511 1005 2547; x_wconf 79' lang='lat' dir='ltr'><strong>transfugeret</strong></span> <span class='ocrx_word' id='word_1_295' title='bbox 1028 2513 1067 2541; x_wconf 85' lang='lat' dir='ltr'><strong>ad</strong></span> 
     </span>
     <span class='ocr_line' id='line_1_48' title="bbox 288 2555 628 2591; baseline 0.009 -9"><span class='ocrx_word' id='word_1_296' title='bbox 288 2555 416 2583; x_wconf 82' lang='lat' dir='ltr'><strong>Saulem.</strong></span> <span class='ocrx_word' id='word_1_297' title='bbox 430 2558 439 2584; x_wconf 98' lang='lat' dir='ltr'><strong>l</strong></span> <span class='ocrx_word' id='word_1_298' title='bbox 454 2558 531 2591; x_wconf 62' lang='lat' dir='ltr'><strong>Ray„</strong></span> <span class='ocrx_word' id='word_1_299' title='bbox 547 2565 628 2585; x_wconf 76' lang='lat' dir='ltr'><strong>xxrx.</strong></span> 
     </span>
    </p>

    <p class='ocr_par' dir='ltr' id='par_1_15' title="bbox 290 2603 1066 2692">
     <span class='ocr_line' id='line_1_49' title="bbox 324 2603 1066 2643; baseline 0.009 -13"><span class='ocrx_word' id='word_1_300' title='bbox 324 2603 495 2633; x_wconf 85' lang='lat' dir='ltr'><strong>MisitDavid</strong></span> <span class='ocrx_word' id='word_1_301' title='bbox 506 2606 625 2634; x_wconf 90' lang='lat' dir='ltr'><strong>nuntios</strong></span> <span class='ocrx_word' id='word_1_302' title='bbox 639 2607 678 2635; x_wconf 87' lang='lat' dir='ltr'><strong>ad</strong></span> <span class='ocrx_word' id='word_1_303' title='bbox 693 2608 796 2636; x_wconf 83' lang='lat' dir='ltr'><strong>Hanon</strong></span> <span class='ocrx_word' id='word_1_304' title='bbox 811 2616 913 2643; x_wconf 82' lang='lat' dir='ltr'><strong>regem</strong></span> <span class='ocrx_word' id='word_1_305' title='bbox 927 2611 1066 2643; x_wconf 75' lang='lat' dir='ltr'><strong>Ammon,</strong></span> 
     </span>
     <span class='ocr_line' id='line_1_50' title="bbox 290 2651 1066 2692; baseline 0.01 -16"><span class='ocrx_word' id='word_1_306' title='bbox 290 2652 321 2677; x_wconf 91' lang='lat' dir='ltr'><strong>ut</strong></span> <span class='ocrx_word' id='word_1_307' title='bbox 331 2651 552 2681; x_wconf 74' lang='lat' dir='ltr'><strong>consolarentur</strong></span> <span class='ocrx_word' id='word_1_308' title='bbox 563 2661 632 2681; x_wconf 87' lang='lat' dir='ltr'><strong>eum</strong></span> <span class='ocrx_word' id='word_1_309' title='bbox 645 2662 733 2690; x_wconf 86' lang='lat' dir='ltr'><strong>super</strong></span> <span class='ocrx_word' id='word_1_310' title='bbox 744 2655 836 2691; x_wconf 84' lang='lat' dir='ltr'><strong>patris</strong></span> <span class='ocrx_word' id='word_1_311' title='bbox 844 2655 976 2691; x_wconf 84' lang='lat' dir='ltr'><strong>interitu;</strong></span> <span class='ocrx_word' id='word_1_312' title='bbox 987 2656 1066 2692; x_wconf 88' lang='lat' dir='ltr'><strong>prin-</strong></span> 
     </span>
    </p>
   </div>
   <div class='ocr_carea' id='block_1_6' title="bbox 904 171 1290 205">
    <p class='ocr_par' dir='ltr' id='par_1_16' title="bbox 904 171 1290 205">
     <span class='ocr_line' id='line_1_51' title="bbox 904 171 1290 205; baseline 0.003 -1"><span class='ocrx_word' id='word_1_313' title='bbox 904 171 1039 205; x_wconf 80' lang='lat' dir='ltr'><strong>BIBLIA</strong></span> <span class='ocrx_word' id='word_1_314' title='bbox 1058 171 1290 205; x_wconf 73' lang='lat' dir='ltr'>PAUPERUM.</span> 
     </span>
    </p>
   </div>
   <div class='ocr_carea' id='block_1_7' title="bbox 1123 240 1911 2686">
    <p class='ocr_par' dir='ltr' id='par_1_17' title="bbox 1125 240 1906 372">
     <span class='ocr_line' id='line_1_52' title="bbox 1125 240 1906 279; baseline 0.003 -9"><span class='ocrx_word' id='word_1_315' title='bbox 1125 240 1207 278; x_wconf 64' lang='lat' dir='ltr'><strong>cipes</strong></span> <span class='ocrx_word' id='word_1_316' title='bbox 1220 242 1321 270; x_wconf 84' lang='lat' dir='ltr'><strong>autem</strong></span> <span class='ocrx_word' id='word_1_317' title='bbox 1337 240 1419 270; x_wconf 81' lang='lat' dir='ltr'><strong>illius</strong></span> <span class='ocrx_word' id='word_1_318' title='bbox 1441 241 1635 279; x_wconf 82' lang='lat' dir='ltr'><strong>putaverunt,</strong></span> <span class='ocrx_word' id='word_1_319' title='bbox 1649 241 1736 279; x_wconf 80' lang='lat' dir='ltr'><strong>quod</strong></span> <span class='ocrx_word' id='word_1_320' title='bbox 1753 241 1906 273; x_wconf 79' lang='lat' dir='ltr'><strong>venissent</strong></span> 
     </span>
     <span class='ocr_line' id='line_1_53' title="bbox 1125 287 1904 326; baseline 0.005 -10"><span class='ocrx_word' id='word_1_321' title='bbox 1125 287 1166 316; x_wconf 84' lang='lat' dir='ltr'><strong>ad</strong></span> <span class='ocrx_word' id='word_1_322' title='bbox 1179 287 1401 326; x_wconf 88' lang='lat' dir='ltr'><strong>explorandum</strong></span> <span class='ocrx_word' id='word_1_323' title='bbox 1421 287 1588 325; x_wconf 82' lang='lat' dir='ltr'><strong>civitatem,</strong></span> <span class='ocrx_word' id='word_1_324' title='bbox 1607 296 1672 318; x_wconf 89' lang='lat' dir='ltr'><strong>non</strong></span> <span class='ocrx_word' id='word_1_325' title='bbox 1686 287 1726 318; x_wconf 85' lang='lat' dir='ltr'><strong>ad</strong></span> <span class='ocrx_word' id='word_1_326' title='bbox 1747 288 1904 320; x_wconf 74' lang='lat' dir='ltr'><strong>consulen-</strong></span> 
     </span>
     <span class='ocr_line' id='line_1_54' title="bbox 1127 334 1492 372; baseline 0 -8"><span class='ocrx_word' id='word_1_327' title='bbox 1127 334 1201 364; x_wconf 87' lang='lat' dir='ltr'><strong>dum</strong></span> <span class='ocrx_word' id='word_1_328' title='bbox 1214 342 1326 372; x_wconf 85' lang='lat' dir='ltr'><strong>regem.</strong></span> <span class='ocrx_word' id='word_1_329' title='bbox 1342 336 1351 363; x_wconf 92' lang='grc'>1</span> <span class='ocrx_word' id='word_1_330' title='bbox 1367 337 1447 372; x_wconf 61' lang='lat' dir='ltr'><strong>Rea„</strong></span> <span class='ocrx_word' id='word_1_331' title='bbox 1459 343 1492 364; x_wconf 87' lang='lat' dir='ltr'><strong>x.</strong></span> 
     </span>
    </p>

    <p class='ocr_par' dir='ltr' id='par_1_18' title="bbox 1124 381 1906 607">
     <span class='ocr_line' id='line_1_55' title="bbox 1161 381 1906 420; baseline 0.005 -10"><span class='ocrx_word' id='word_1_332' title='bbox 1161 383 1323 420; x_wconf 83' lang='lat' dir='ltr'><strong>Postquam</strong></span> <span class='ocrx_word' id='word_1_333' title='bbox 1337 390 1391 411; x_wconf 88' lang='lat' dir='ltr'><strong>rex</strong></span> <span class='ocrx_word' id='word_1_334' title='bbox 1409 384 1551 412; x_wconf 79' lang='lat' dir='ltr'><strong>Assuerus</strong></span> <span class='ocrx_word' id='word_1_335' title='bbox 1568 381 1704 411; x_wconf 85' lang='lat' dir='ltr'><strong>turbatus</strong></span> <span class='ocrx_word' id='word_1_336' title='bbox 1723 382 1779 411; x_wconf 76' lang='lat' dir='ltr'><strong>fuit</strong></span> <span class='ocrx_word' id='word_1_337' title='bbox 1801 384 1906 414; x_wconf 69' lang='lat' dir='ltr'><strong>conta-a</strong></span> 
     </span>
     <span class='ocr_line' id='line_1_56' title="bbox 1125 429 1906 467; baseline 0.001 -9"><span class='ocrx_word' id='word_1_338' title='bbox 1125 430 1236 464; x_wconf 80' lang='lat' dir='ltr'><strong>Aman,</strong></span> <span class='ocrx_word' id='word_1_339' title='bbox 1250 431 1278 458; x_wconf 88' lang='lat' dir='ltr'><strong>et</strong></span> <span class='ocrx_word' id='word_1_340' title='bbox 1295 429 1347 458; x_wconf 87' lang='lat' dir='ltr'><strong>ille</strong></span> <span class='ocrx_word' id='word_1_341' title='bbox 1363 429 1484 466; x_wconf 82' lang='lat' dir='ltr'><strong>jacebat</strong></span> <span class='ocrx_word' id='word_1_342' title='bbox 1501 437 1591 467; x_wconf 85' lang='lat' dir='ltr'><strong>super</strong></span> <span class='ocrx_word' id='word_1_343' title='bbox 1606 429 1716 458; x_wconf 75' lang='lat' dir='ltr'><strong>lectum</strong></span> <span class='ocrx_word' id='word_1_344' title='bbox 1730 429 1842 465; x_wconf 69' lang='lat' dir='ltr'><strong>uester,</strong></span> <span class='ocrx_word' id='word_1_345' title='bbox 1863 429 1906 460; x_wconf 79' lang='lat' dir='ltr'><strong>ad</strong></span> 
     </span>
     <span class='ocr_line' id='line_1_57' title="bbox 1124 476 1904 514; baseline 0.001 -9"><span class='ocrx_word' id='word_1_346' title='bbox 1124 476 1294 513; x_wconf 84' lang='lat' dir='ltr'><strong>rogandum</strong></span> <span class='ocrx_word' id='word_1_347' title='bbox 1317 485 1384 505; x_wconf 84' lang='lat' dir='ltr'><strong>eam</strong></span> <span class='ocrx_word' id='word_1_348' title='bbox 1405 484 1462 514; x_wconf 88' lang='lat' dir='ltr'><strong>pro</strong></span> <span class='ocrx_word' id='word_1_349' title='bbox 1485 476 1588 506; x_wconf 84' lang='lat' dir='ltr'><strong>anima</strong></span> <span class='ocrx_word' id='word_1_350' title='bbox 1610 484 1685 512; x_wconf 80' lang='lat' dir='ltr'><strong>sua3</strong></span> <span class='ocrx_word' id='word_1_351' title='bbox 1708 476 1852 514; x_wconf 83' lang='lat' dir='ltr'><strong>imposuit</strong></span> <span class='ocrx_word' id='word_1_352' title='bbox 1875 477 1904 506; x_wconf 85' lang='lat' dir='ltr'><strong>ei</strong></span> 
     </span>
     <span class='ocr_line' id='line_1_58' title="bbox 1125 522 1906 562; baseline 0.001 -10"><span class='ocrx_word' id='word_1_353' title='bbox 1125 531 1189 559; x_wconf 89' lang='lat' dir='ltr'><strong>rex,</strong></span> <span class='ocrx_word' id='word_1_354' title='bbox 1211 523 1295 561; x_wconf 87' lang='lat' dir='ltr'><strong>quod</strong></span> <span class='ocrx_word' id='word_1_355' title='bbox 1314 524 1381 561; x_wconf 89' lang='lat' dir='ltr'><strong>ipso</strong></span> <span class='ocrx_word' id='word_1_356' title='bbox 1403 526 1547 562; x_wconf 83' lang='lat' dir='ltr'><strong>proesente</strong></span> <span class='ocrx_word' id='word_1_357' title='bbox 1568 522 1692 553; x_wconf 81' lang='lat' dir='ltr'><strong>volebat</strong></span> <span class='ocrx_word' id='word_1_358' title='bbox 1711 531 1779 553; x_wconf 86' lang='lat' dir='ltr'><strong>eam</strong></span> <span class='ocrx_word' id='word_1_359' title='bbox 1805 523 1906 561; x_wconf 85' lang='lat' dir='ltr'><strong>oppri-</strong></span> 
     </span>
     <span class='ocr_line' id='line_1_59' title="bbox 1125 572 1384 607; baseline 0.004 -8"><span class='ocrx_word' id='word_1_360' title='bbox 1125 578 1218 607; x_wconf 87' lang='lat' dir='ltr'><strong>mere,</strong></span> <span class='ocrx_word' id='word_1_361' title='bbox 1228 572 1318 606; x_wconf 59' lang='lat' dir='ltr'><strong>Este„</strong></span> <span class='ocrx_word' id='word_1_362' title='bbox 1332 579 1384 600; x_wconf 83' lang='lat' dir='ltr'><strong>vn.</strong></span> 
     </span>
    </p>

    <p class='ocr_par' dir='ltr' id='par_1_19' title="bbox 1127 617 1909 750">
     <span class='ocr_line' id='line_1_60' title="bbox 1159 617 1907 656; baseline 0.001 -9"><span class='ocrx_word' id='word_1_363' title='bbox 1159 619 1235 647; x_wconf 90' lang='lat' dir='ltr'><strong>Dum</strong></span> <span class='ocrx_word' id='word_1_364' title='bbox 1243 618 1335 648; x_wconf 84' lang='lat' dir='ltr'><strong>vellet</strong></span> <span class='ocrx_word' id='word_1_365' title='bbox 1344 618 1484 647; x_wconf 66' lang='lat' dir='ltr'><strong>⁴Ieremias</strong></span> <span class='ocrx_word' id='word_1_366' title='bbox 1498 618 1541 647; x_wconf 86' lang='lat' dir='ltr'><strong>ire</strong></span> <span class='ocrx_word' id='word_1_367' title='bbox 1560 618 1600 646; x_wconf 83' lang='lat' dir='ltr'><strong>ad</strong></span> <span class='ocrx_word' id='word_1_368' title='bbox 1618 619 1728 647; x_wconf 84' lang='lat' dir='ltr'><strong>terram</strong></span> <span class='ocrx_word' id='word_1_369' title='bbox 1741 617 1907 656; x_wconf 83' lang='lat' dir='ltr'><strong>Benjamin,</strong></span> 
     </span>
     <span class='ocr_line' id='line_1_61' title="bbox 1127 665 1909 704; baseline 0 -10"><span class='ocrx_word' id='word_1_370' title='bbox 1127 665 1354 704; x_wconf 76' lang='lat' dir='ltr'><strong>comprehendit</strong></span> <span class='ocrx_word' id='word_1_371' title='bbox 1366 673 1436 694; x_wconf 87' lang='lat' dir='ltr'><strong>eum</strong></span> <span class='ocrx_word' id='word_1_372' title='bbox 1446 667 1545 694; x_wconf 79' lang='lat' dir='ltr'><strong>custos</strong></span> <span class='ocrx_word' id='word_1_373' title='bbox 1557 667 1662 703; x_wconf 81' lang='lat' dir='ltr'><strong>portae,</strong></span> <span class='ocrx_word' id='word_1_374' title='bbox 1674 667 1702 695; x_wconf 87' lang='lat' dir='ltr'><strong>et</strong></span> <span class='ocrx_word' id='word_1_375' title='bbox 1713 665 1856 702; x_wconf 87' lang='lat' dir='ltr'><strong>imposuit</strong></span> <span class='ocrx_word' id='word_1_376' title='bbox 1868 665 1909 702; x_wconf 85' lang='lat' dir='ltr'><strong>ei,</strong></span> 
     </span>
     <span class='ocr_line' id='line_1_62' title="bbox 1127 712 1826 750; baseline 0.001 -9"><span class='ocrx_word' id='word_1_377' title='bbox 1127 712 1211 750; x_wconf 88' lang='lat' dir='ltr'><strong>quod</strong></span> <span class='ocrx_word' id='word_1_378' title='bbox 1226 712 1341 748; x_wconf 82' lang='lat' dir='ltr'><strong>fugeret</strong></span> <span class='ocrx_word' id='word_1_379' title='bbox 1354 712 1395 741; x_wconf 84' lang='lat' dir='ltr'><strong>ad</strong></span> <span class='ocrx_word' id='word_1_380' title='bbox 1407 712 1573 741; x_wconf 66' lang='lat' dir='ltr'><strong>Chaldaeos.</strong></span> <span class='ocrx_word' id='word_1_381' title='bbox 1585 713 1695 745; x_wconf 69' lang='lat' dir='ltr'><strong>serem„</strong></span> <span class='ocrx_word' id='word_1_382' title='bbox 1711 721 1826 742; x_wconf 81' lang='lat' dir='ltr'><strong>xxxvu.</strong></span> 
     </span>
    </p>

    <p class='ocr_par' dir='ltr' id='par_1_20' title="bbox 1125 759 1911 1031">
     <span class='ocr_line' id='line_1_63' title="bbox 1164 759 1908 798; baseline 0.001 -10"><span class='ocrx_word' id='word_1_383' title='bbox 1164 760 1320 788; x_wconf 85' lang='lat' dir='ltr'><strong>Nuntiante</strong></span> <span class='ocrx_word' id='word_1_384' title='bbox 1327 759 1455 789; x_wconf 67' lang='lat' dir='ltr'><strong>Ieremia</strong></span> <span class='ocrx_word' id='word_1_385' title='bbox 1465 759 1652 788; x_wconf 79' lang='lat' dir='ltr'><strong>voluntatem</strong></span> <span class='ocrx_word' id='word_1_386' title='bbox 1661 760 1779 789; x_wconf 86' lang='lat' dir='ltr'><strong>Domini</strong></span> <span class='ocrx_word' id='word_1_387' title='bbox 1791 760 1908 798; x_wconf 86' lang='lat' dir='ltr'><strong>populo</strong></span> 
     </span>
     <span class='ocr_line' id='line_1_64' title="bbox 1126 801 1910 843; baseline 0.003 -9"><span class='ocrx_word' id='word_1_388' title='bbox 1126 808 1221 842; x_wconf 80' lang='lat' dir='ltr'><strong>terrae,</strong></span> <span class='ocrx_word' id='word_1_389' title='bbox 1237 806 1289 843; x_wconf 93' lang='lat' dir='ltr'><strong>qui</strong></span> <span class='ocrx_word' id='word_1_390' title='bbox 1302 807 1485 835; x_wconf 79' lang='lat' dir='ltr'><strong>remanserat</strong></span> <span class='ocrx_word' id='word_1_391' title='bbox 1497 807 1567 843; x_wconf 84' lang='lat' dir='ltr'><strong>post</strong></span> <span class='ocrx_word' id='word_1_392' title='bbox 1576 801 1814 836; x_wconf 77' lang='lat' dir='ltr'><strong>&#39;destructionem</strong></span> <span class='ocrx_word' id='word_1_393' title='bbox 1826 808 1910 836; x_wconf 76' lang='lat' dir='ltr'><strong>Jeru-</strong></span> 
     </span>
     <span class='ocr_line' id='line_1_65' title="bbox 1127 853 1910 891; baseline 0.001 -10"><span class='ocrx_word' id='word_1_394' title='bbox 1127 853 1231 889; x_wconf 83' lang='lat' dir='ltr'><strong>salem,</strong></span> <span class='ocrx_word' id='word_1_395' title='bbox 1246 853 1386 883; x_wconf 85' lang='lat' dir='ltr'><strong>dixerunt</strong></span> <span class='ocrx_word' id='word_1_396' title='bbox 1405 853 1432 883; x_wconf 86' lang='lat' dir='ltr'><strong>ei</strong></span> <span class='ocrx_word' id='word_1_397' title='bbox 1448 863 1456 882; x_wconf 75' lang='lat' dir='ltr'><em>z</em></span> <span class='ocrx_word' id='word_1_398' title='bbox 1475 863 1490 880; x_wconf 74' lang='grc' dir='ltr'><strong>«ι</strong></span> <span class='ocrx_word' id='word_1_399' title='bbox 1503 853 1692 883; x_wconf 78' lang='lat' dir='ltr'><strong>Mendacium</strong></span> <span class='ocrx_word' id='word_1_400' title='bbox 1713 854 1746 882; x_wconf 92' lang='lat' dir='ltr'><strong>tu</strong></span> <span class='ocrx_word' id='word_1_401' title='bbox 1765 853 1910 891; x_wconf 85' lang='lat' dir='ltr'><strong>loqueris,</strong></span> 
     </span>
     <span class='ocr_line' id='line_1_66' title="bbox 1126 900 1910 935; baseline 0.001 -6"><span class='ocrx_word' id='word_1_402' title='bbox 1126 909 1188 929; x_wconf 90' lang='lat' dir='ltr'><strong>non</strong></span> <span class='ocrx_word' id='word_1_403' title='bbox 1201 902 1230 929; x_wconf 88' lang='lat' dir='ltr'><strong>te</strong></span> <span class='ocrx_word' id='word_1_404' title='bbox 1243 901 1322 929; x_wconf 85' lang='lat' dir='ltr'><strong>misit</strong></span> <span class='ocrx_word' id='word_1_405' title='bbox 1333 901 1489 935; x_wconf 83' lang='lat' dir='ltr'><strong>Dominus,</strong></span> <span class='ocrx_word' id='word_1_406' title='bbox 1505 901 1559 930; x_wconf 87' lang='lat' dir='ltr'><strong>sed</strong></span> <span class='ocrx_word' id='word_1_407' title='bbox 1579 900 1693 930; x_wconf 86' lang='lat' dir='ltr'><strong>Barueh</strong></span> <span class='ocrx_word' id='word_1_408' title='bbox 1706 900 1787 930; x_wconf 87' lang='lat' dir='ltr'><strong>filius</strong></span> <span class='ocrx_word' id='word_1_409' title='bbox 1800 901 1910 930; x_wconf 74' lang='lat' dir='ltr'><strong>Neeriae</strong></span> 
     </span>
     <span class='ocr_line' id='line_1_67' title="bbox 1125 947 1911 984; baseline -0.001 -7"><span class='ocrx_word' id='word_1_410' title='bbox 1125 948 1226 977; x_wconf 84' lang='lat' dir='ltr'><strong>incitat</strong></span> <span class='ocrx_word' id='word_1_411' title='bbox 1245 951 1272 977; x_wconf 85' lang='lat' dir='ltr'><strong>te</strong></span> <span class='ocrx_word' id='word_1_412' title='bbox 1286 948 1446 977; x_wconf 84' lang='lat' dir='ltr'><strong>adversum</strong></span> <span class='ocrx_word' id='word_1_413' title='bbox 1460 956 1531 984; x_wconf 90' lang='lat' dir='ltr'><strong>nos,</strong></span> <span class='ocrx_word' id='word_1_414' title='bbox 1546 950 1579 977; x_wconf 88' lang='lat' dir='ltr'><strong>ut</strong></span> <span class='ocrx_word' id='word_1_415' title='bbox 1592 947 1689 976; x_wconf 78' lang='lat' dir='ltr'><strong>tradat</strong></span> <span class='ocrx_word' id='word_1_416' title='bbox 1701 955 1758 977; x_wconf 89' lang='lat' dir='ltr'><strong>nos</strong></span> <span class='ocrx_word' id='word_1_417' title='bbox 1771 947 1803 976; x_wconf 88' lang='lat' dir='ltr'><strong>in</strong></span> <span class='ocrx_word' id='word_1_418' title='bbox 1815 947 1911 976; x_wconf 85' lang='lat' dir='ltr'><strong>mani-</strong></span> 
     </span>
     <span class='ocr_line' id='line_1_68' title="bbox 1125 994 1701 1031; baseline -0.002 -7"><span class='ocrx_word' id='word_1_419' title='bbox 1125 994 1182 1024; x_wconf 87' lang='lat' dir='ltr'><strong>bus</strong></span> <span class='ocrx_word' id='word_1_420' title='bbox 1192 995 1408 1025; x_wconf 85' lang='lat' dir='ltr'><strong>Chaldaeorum.</strong></span> <span class='ocrx_word' id='word_1_421' title='bbox 1421 1006 1435 1021; x_wconf 88' lang='lat'>»</span> <span class='ocrx_word' id='word_1_422' title='bbox 1450 996 1562 1031; x_wconf 66' lang='lat' dir='ltr'><strong>Jerem„</strong></span> <span class='ocrx_word' id='word_1_423' title='bbox 1577 1002 1660 1029; x_wconf 75' lang='lat' dir='ltr'><strong>nm,</strong></span> <span class='ocrx_word' id='word_1_424' title='bbox 1672 994 1701 1023; x_wconf 74' lang='grc' dir='ltr'><strong>Ξ.</strong></span> 
     </span>
    </p>

    <p class='ocr_par' dir='ltr' id='par_1_21' title="bbox 1123 1041 1908 1218">
     <span class='ocr_line' id='line_1_69' title="bbox 1163 1041 1908 1080; baseline -0.001 -9"><span class='ocrx_word' id='word_1_425' title='bbox 1163 1044 1298 1071; x_wconf 87' lang='lat' dir='ltr'><strong>Tortores</strong></span> <span class='ocrx_word' id='word_1_426' title='bbox 1312 1043 1363 1080; x_wconf 86' lang='lat' dir='ltr'><strong>qui</strong></span> <span class='ocrx_word' id='word_1_427' title='bbox 1379 1043 1552 1071; x_wconf 84' lang='lat' dir='ltr'><strong>Eleazarum</strong></span> <span class='ocrx_word' id='word_1_428' title='bbox 1567 1042 1719 1071; x_wconf 82' lang='lat' dir='ltr'><strong>ducebant</strong></span> <span class='ocrx_word' id='word_1_429' title='bbox 1739 1041 1779 1070; x_wconf 87' lang='lat' dir='ltr'><strong>ad</strong></span> <span class='ocrx_word' id='word_1_430' title='bbox 1792 1041 1908 1079; x_wconf 87' lang='lat' dir='ltr'><strong>suppli-</strong></span> 
     </span>
     <span class='ocr_line' id='line_1_70' title="bbox 1125 1089 1906 1126; baseline -0.001 -7"><span class='ocrx_word' id='word_1_431' title='bbox 1125 1091 1216 1126; x_wconf 87' lang='lat' dir='ltr'><strong>cium,</strong></span> <span class='ocrx_word' id='word_1_432' title='bbox 1231 1091 1261 1119; x_wconf 92' lang='lat' dir='ltr'><strong>in</strong></span> <span class='ocrx_word' id='word_1_433' title='bbox 1275 1091 1351 1120; x_wconf 90' lang='lat' dir='ltr'><strong>iram</strong></span> <span class='ocrx_word' id='word_1_434' title='bbox 1368 1090 1446 1118; x_wconf 83' lang='lat' dir='ltr'><strong>versi</strong></span> <span class='ocrx_word' id='word_1_435' title='bbox 1466 1092 1535 1118; x_wconf 91' lang='lat' dir='ltr'><strong>sunt</strong></span> <span class='ocrx_word' id='word_1_436' title='bbox 1551 1091 1675 1126; x_wconf 86' lang='lat' dir='ltr'><strong>propter</strong></span> <span class='ocrx_word' id='word_1_437' title='bbox 1694 1097 1847 1118; x_wconf 83' lang='lat' dir='ltr'><strong>sermones</strong></span> <span class='ocrx_word' id='word_1_438' title='bbox 1866 1089 1906 1118; x_wconf 89' lang='lat' dir='ltr'><strong>ab</strong></span> 
     </span>
     <span class='ocr_line' id='line_1_71' title="bbox 1124 1135 1902 1175; baseline -0.001 -8"><span class='ocrx_word' id='word_1_439' title='bbox 1124 1147 1160 1168; x_wconf 89' lang='lat' dir='ltr'><strong>eo</strong></span> <span class='ocrx_word' id='word_1_440' title='bbox 1177 1139 1281 1174; x_wconf 88' lang='lat' dir='ltr'><strong>dictos,</strong></span> <span class='ocrx_word' id='word_1_441' title='bbox 1297 1146 1373 1175; x_wconf 88' lang='lat' dir='ltr'><strong>quos</strong></span> <span class='ocrx_word' id='word_1_442' title='bbox 1385 1137 1428 1166; x_wconf 91' lang='lat' dir='ltr'><strong>illi</strong></span> <span class='ocrx_word' id='word_1_443' title='bbox 1442 1145 1497 1174; x_wconf 89' lang='lat' dir='ltr'><strong>per</strong></span> <span class='ocrx_word' id='word_1_444' title='bbox 1507 1137 1710 1174; x_wconf 80' lang='lat' dir='ltr'><strong>arrogant-iam</strong></span> <span class='ocrx_word' id='word_1_445' title='bbox 1719 1137 1814 1166; x_wconf 83' lang='lat' dir='ltr'><strong>dictos</strong></span> <span class='ocrx_word' id='word_1_446' title='bbox 1823 1135 1902 1166; x_wconf 77' lang='lat' dir='ltr'><strong>arbi-</strong></span> 
     </span>
     <span class='ocr_line' id='line_1_72' title="bbox 1123 1185 1497 1218; baseline -0.008 -3"><span class='ocrx_word' id='word_1_447' title='bbox 1123 1186 1288 1215; x_wconf 85' lang='lat' dir='ltr'><strong>trabantur.</strong></span> <span class='ocrx_word' id='word_1_448' title='bbox 1302 1187 1324 1214; x_wconf 85' lang='lat' dir='ltr'><strong>ll</strong></span> <span class='ocrx_word' id='word_1_449' title='bbox 1338 1185 1441 1218; x_wconf 66' lang='lat' dir='ltr'><strong>Maeli„</strong></span> <span class='ocrx_word' id='word_1_450' title='bbox 1455 1192 1497 1213; x_wconf 80' lang='lat' dir='ltr'><strong>vr.</strong></span> 
     </span>
    </p>

    <p class='ocr_par' dir='ltr' id='par_1_22' title="bbox 1123 1232 1902 1412">
     <span class='ocr_line' id='line_1_73' title="bbox 1160 1232 1901 1270; baseline -0.001 -8"><span class='ocrx_word' id='word_1_451' title='bbox 1160 1234 1298 1262; x_wconf 74' lang='lat' dir='ltr'><strong>Videntes</strong></span> <span class='ocrx_word' id='word_1_452' title='bbox 1311 1233 1449 1270; x_wconf 85' lang='lat' dir='ltr'><strong>discipuli</strong></span> <span class='ocrx_word' id='word_1_453' title='bbox 1463 1232 1622 1261; x_wconf 89' lang='lat' dir='ltr'><strong>Dominum</strong></span> <span class='ocrx_word' id='word_1_454' title='bbox 1635 1232 1842 1262; x_wconf 80' lang='lat' dir='ltr'><strong>ambulantem</strong></span> <span class='ocrx_word' id='word_1_455' title='bbox 1855 1241 1901 1262; x_wconf 89' lang='lat' dir='ltr'><strong>su-</strong></span> 
     </span>
     <span class='ocr_line' id='line_1_74' title="bbox 1124 1280 1902 1318; baseline 0 -8"><span class='ocrx_word' id='word_1_456' title='bbox 1124 1289 1177 1318; x_wconf 83' lang='lat' dir='ltr'><strong>per</strong></span> <span class='ocrx_word' id='word_1_457' title='bbox 1191 1290 1284 1315; x_wconf 87' lang='lat' dir='ltr'><strong>mare,</strong></span> <span class='ocrx_word' id='word_1_458' title='bbox 1304 1282 1484 1318; x_wconf 84' lang='lat' dir='ltr'><strong>putaverunt</strong></span> <span class='ocrx_word' id='word_1_459' title='bbox 1503 1280 1681 1317; x_wconf 86' lang='lat' dir='ltr'><strong>phantasma</strong></span> <span class='ocrx_word' id='word_1_460' title='bbox 1703 1287 1766 1309; x_wconf 84' lang='lat' dir='ltr'><strong>esse</strong></span> <span class='ocrx_word' id='word_1_461' title='bbox 1777 1301 1785 1316; x_wconf 93' lang='lat'><strong>,</strong></span> <span class='ocrx_word' id='word_1_462' title='bbox 1801 1283 1829 1309; x_wconf 86' lang='lat' dir='ltr'><strong>et</strong></span> <span class='ocrx_word' id='word_1_463' title='bbox 1840 1289 1902 1318; x_wconf 79' lang='lat' dir='ltr'><strong>proe</strong></span> 
     </span>
     <span class='ocr_line' id='line_1_75' title="bbox 1123 1328 1901 1364; baseline -0.001 -6"><span class='ocrx_word' id='word_1_464' title='bbox 1123 1331 1231 1358; x_wconf 87' lang='lat' dir='ltr'><strong>timore</strong></span> <span class='ocrx_word' id='word_1_465' title='bbox 1261 1328 1475 1357; x_wconf 83' lang='lat' dir='ltr'><strong>clamaverunt.</strong></span> <span class='ocrx_word' id='word_1_466' title='bbox 1502 1329 1602 1363; x_wconf 65' lang='lat' dir='ltr'><strong>Marc„</strong></span> <span class='ocrx_word' id='word_1_467' title='bbox 1630 1335 1696 1363; x_wconf 80' lang='lat' dir='ltr'><strong>xrv;</strong></span> <span class='ocrx_word' id='word_1_468' title='bbox 1725 1328 1824 1361; x_wconf 73' lang='lat' dir='ltr'><strong>Marc„</strong></span> <span class='ocrx_word' id='word_1_469' title='bbox 1850 1336 1901 1364; x_wconf 68' lang='grc' dir='ltr'><strong>ης</strong></span> 
     </span>
     <span class='ocr_line' id='line_1_76' title="bbox 1123 1378 1268 1412; baseline -0.007 -7"><span class='ocrx_word' id='word_1_470' title='bbox 1123 1378 1214 1412; x_wconf 73' lang='grc' dir='ltr'><strong><em>Ιοαπ.,</em></strong></span> <span class='ocrx_word' id='word_1_471' title='bbox 1228 1384 1268 1404; x_wconf 80' lang='lat' dir='ltr'><strong>vr.</strong></span> 
     </span>
    </p>

    <p class='ocr_par' dir='ltr' id='par_1_23' title="bbox 1124 1421 1903 1600">
     <span class='ocr_line' id='line_1_77' title="bbox 1160 1421 1902 1459; baseline -0.003 -7"><span class='ocrx_word' id='word_1_472' title='bbox 1160 1425 1260 1452; x_wconf 81' lang='lat' dir='ltr'><strong>Simon</strong></span> <span class='ocrx_word' id='word_1_473' title='bbox 1276 1422 1436 1452; x_wconf 74' lang='lat' dir='ltr'><strong>Pharisaeus</strong></span> <span class='ocrx_word' id='word_1_474' title='bbox 1445 1443 1453 1458; x_wconf 89' lang='lat'><strong>,</strong></span> <span class='ocrx_word' id='word_1_475' title='bbox 1467 1421 1575 1450; x_wconf 81' lang='lat' dir='ltr'><strong>videns</strong></span> <span class='ocrx_word' id='word_1_476' title='bbox 1588 1421 1746 1451; x_wconf 83' lang='lat' dir='ltr'><strong>mulierem</strong></span> <span class='ocrx_word' id='word_1_477' title='bbox 1759 1423 1902 1459; x_wconf 84' lang='lat' dir='ltr'><strong>peceatri-</strong></span> 
     </span>
     <span class='ocr_line' id='line_1_78' title="bbox 1124 1469 1903 1508; baseline -0.003 -8"><span class='ocrx_word' id='word_1_478' title='bbox 1124 1480 1189 1500; x_wconf 87' lang='lat' dir='ltr'><strong>eem</strong></span> <span class='ocrx_word' id='word_1_479' title='bbox 1204 1472 1241 1500; x_wconf 78' lang='lat' dir='ltr'><strong>ad</strong></span> <span class='ocrx_word' id='word_1_480' title='bbox 1257 1471 1350 1508; x_wconf 83' lang='lat' dir='ltr'><strong>pedes</strong></span> <span class='ocrx_word' id='word_1_481' title='bbox 1364 1470 1479 1499; x_wconf 89' lang='lat' dir='ltr'><strong>Domini</strong></span> <span class='ocrx_word' id='word_1_482' title='bbox 1504 1469 1643 1504; x_wconf 84' lang='lat' dir='ltr'><strong>flentem,</strong></span> <span class='ocrx_word' id='word_1_483' title='bbox 1659 1469 1699 1498; x_wconf 90' lang='lat' dir='ltr'><strong>ait</strong></span> <span class='ocrx_word' id='word_1_484' title='bbox 1718 1469 1793 1498; x_wconf 87' lang='lat' dir='ltr'><strong>inter</strong></span> <span class='ocrx_word' id='word_1_485' title='bbox 1813 1478 1844 1498; x_wconf 88' lang='lat' dir='ltr'><strong>se</strong></span> <span class='ocrx_word' id='word_1_486' title='bbox 1859 1469 1903 1498; x_wconf 89' lang='lat' dir='ltr'><strong>di-</strong></span> 
     </span>
     <span class='ocr_line' id='line_1_79' title="bbox 1125 1517 1901 1555; baseline -0.001 -8"><span class='ocrx_word' id='word_1_487' title='bbox 1125 1527 1211 1547; x_wconf 81' lang='lat' dir='ltr'><strong>cens:</strong></span> <span class='ocrx_word' id='word_1_488' title='bbox 1225 1518 1296 1546; x_wconf 78' lang='lat' dir='ltr'><strong>«llic</strong></span> <span class='ocrx_word' id='word_1_489' title='bbox 1309 1518 1332 1545; x_wconf 85' lang='lat' dir='ltr'><strong>si</strong></span> <span class='ocrx_word' id='word_1_490' title='bbox 1345 1517 1585 1555; x_wconf 85' lang='lat' dir='ltr'><strong>essetpropheta,</strong></span> <span class='ocrx_word' id='word_1_491' title='bbox 1599 1517 1683 1546; x_wconf 88' lang='lat' dir='ltr'><strong>sciret</strong></span> <span class='ocrx_word' id='word_1_492' title='bbox 1697 1517 1810 1554; x_wconf 86' lang='lat' dir='ltr'><strong>utique,</strong></span> <span class='ocrx_word' id='word_1_493' title='bbox 1821 1527 1835 1545; x_wconf 73' lang='lat' dir='ltr'><strong>n</strong></span> <span class='ocrx_word' id='word_1_494' title='bbox 1847 1520 1901 1546; x_wconf 82' lang='lat' dir='ltr'><strong>ete.</strong></span> 
     </span>
     <span class='ocr_line' id='line_1_80' title="bbox 1124 1569 1267 1600; baseline -0.014 -4"><span class='ocrx_word' id='word_1_495' title='bbox 1124 1569 1199 1600; x_wconf 71' lang='lat' dir='ltr'><strong>Luc„</strong></span> <span class='ocrx_word' id='word_1_496' title='bbox 1216 1574 1267 1595; x_wconf 80' lang='lat' dir='ltr'><strong>vu.</strong></span> 
     </span>
    </p>

    <p class='ocr_par' dir='ltr' id='par_1_24' title="bbox 1125 1612 1904 1787">
     <span class='ocr_line' id='line_1_81' title="bbox 1161 1612 1902 1649; baseline -0.001 -6"><span class='ocrx_word' id='word_1_497' title='bbox 1161 1615 1204 1643; x_wconf 80' lang='lat' dir='ltr'><strong>Ad</strong></span> <span class='ocrx_word' id='word_1_498' title='bbox 1226 1614 1283 1643; x_wconf 84' lang='lat' dir='ltr'><strong>hoc</strong></span> <span class='ocrx_word' id='word_1_499' title='bbox 1310 1612 1394 1649; x_wconf 82' lang='lat' dir='ltr'><strong>quod</strong></span> <span class='ocrx_word' id='word_1_500' title='bbox 1413 1612 1515 1640; x_wconf 88' lang='lat' dir='ltr'><strong>nullus</strong></span> <span class='ocrx_word' id='word_1_501' title='bbox 1534 1612 1614 1640; x_wconf 85' lang='lat' dir='ltr'><strong>male</strong></span> <span class='ocrx_word' id='word_1_502' title='bbox 1635 1612 1741 1640; x_wconf 85' lang='lat' dir='ltr'><strong>sentiat</strong></span> <span class='ocrx_word' id='word_1_503' title='bbox 1763 1612 1801 1641; x_wconf 84' lang='lat' dir='ltr'><strong>de</strong></span> <span class='ocrx_word' id='word_1_504' title='bbox 1823 1612 1902 1649; x_wconf 89' lang='lat' dir='ltr'><strong>alio,</strong></span> 
     </span>
     <span class='ocr_line' id='line_1_82' title="bbox 1125 1658 1904 1695; baseline -0.003 -5"><span class='ocrx_word' id='word_1_505' title='bbox 1125 1662 1252 1690; x_wconf 88' lang='lat' dir='ltr'><strong>multum</strong></span> <span class='ocrx_word' id='word_1_506' title='bbox 1266 1660 1345 1688; x_wconf 80' lang='lat' dir='ltr'><strong>valet</strong></span> <span class='ocrx_word' id='word_1_507' title='bbox 1359 1659 1541 1695; x_wconf 82' lang='lat' dir='ltr'><strong>exemplum,</strong></span> <span class='ocrx_word' id='word_1_508' title='bbox 1558 1658 1642 1695; x_wconf 87' lang='lat' dir='ltr'><strong>quod</strong></span> <span class='ocrx_word' id='word_1_509' title='bbox 1657 1659 1781 1687; x_wconf 86' lang='lat' dir='ltr'><strong>adducit</strong></span> <span class='ocrx_word' id='word_1_510' title='bbox 1803 1659 1904 1688; x_wconf 85' lang='lat' dir='ltr'><strong>Salva-</strong></span> 
     </span>
     <span class='ocr_line' id='line_1_83' title="bbox 1126 1705 1904 1744; baseline -0.005 -7"><span class='ocrx_word' id='word_1_511' title='bbox 1126 1712 1170 1737; x_wconf 89' lang='lat' dir='ltr'><strong>tor</strong></span> <span class='ocrx_word' id='word_1_512' title='bbox 1186 1709 1223 1737; x_wconf 89' lang='lat' dir='ltr'><strong>de</strong></span> <span class='ocrx_word' id='word_1_513' title='bbox 1241 1709 1369 1744; x_wconf 75' lang='lat' dir='ltr'><strong>jactante</strong></span> <span class='ocrx_word' id='word_1_514' title='bbox 1391 1714 1422 1734; x_wconf 84' lang='lat' dir='ltr'><strong>se</strong></span> <span class='ocrx_word' id='word_1_515' title='bbox 1445 1706 1603 1741; x_wconf 83' lang='lat' dir='ltr'><strong>Pharisaeo‚</strong></span> <span class='ocrx_word' id='word_1_516' title='bbox 1632 1707 1661 1733; x_wconf 80' lang='lat' dir='ltr'><strong>et</strong></span> <span class='ocrx_word' id='word_1_517' title='bbox 1680 1705 1785 1733; x_wconf 89' lang='lat' dir='ltr'><strong>humili</strong></span> <span class='ocrx_word' id='word_1_518' title='bbox 1801 1706 1904 1734; x_wconf 82' lang='lat' dir='ltr'><strong>Publi·</strong></span> 
     </span>
     <span class='ocr_line' id='line_1_84' title="bbox 1125 1757 1400 1787; baseline -0.007 -4"><span class='ocrx_word' id='word_1_519' title='bbox 1125 1764 1210 1783; x_wconf 87' lang='lat' dir='ltr'><strong>cano.</strong></span> <span class='ocrx_word' id='word_1_520' title='bbox 1228 1757 1305 1787; x_wconf 68' lang='lat' dir='ltr'><strong>Luc„</strong></span> <span class='ocrx_word' id='word_1_521' title='bbox 1318 1761 1400 1781; x_wconf 75' lang='lat' dir='ltr'><strong>xvnr.</strong></span> 
     </span>
    </p>

    <p class='ocr_par' dir='ltr' id='par_1_25' title="bbox 1124 1801 1904 1981">
     <span class='ocr_line' id='line_1_85' title="bbox 1161 1801 1903 1838; baseline -0.003 -6"><span class='ocrx_word' id='word_1_522' title='bbox 1161 1804 1298 1832; x_wconf 73' lang='lat' dir='ltr'><strong>Videntes</strong></span> <span class='ocrx_word' id='word_1_523' title='bbox 1319 1802 1411 1831; x_wconf 80' lang='lat' dir='ltr'><strong>Judoei</strong></span> <span class='ocrx_word' id='word_1_524' title='bbox 1435 1801 1598 1838; x_wconf 82' lang='lat' dir='ltr'><strong>discipulos</strong></span> <span class='ocrx_word' id='word_1_525' title='bbox 1618 1801 1734 1829; x_wconf 88' lang='lat' dir='ltr'><strong>Domini</strong></span> <span class='ocrx_word' id='word_1_526' title='bbox 1748 1803 1816 1838; x_wconf 82' lang='lat' dir='ltr'><strong>post</strong></span> <span class='ocrx_word' id='word_1_527' title='bbox 1829 1801 1903 1830; x_wconf 81' lang='lat' dir='ltr'><strong>effu-</strong></span> 
     </span>
     <span class='ocr_line' id='line_1_86' title="bbox 1124 1848 1903 1887; baseline -0.004 -7"><span class='ocrx_word' id='word_1_528' title='bbox 1124 1853 1239 1880; x_wconf 78' lang='lat' dir='ltr'><strong>sionem</strong></span> <span class='ocrx_word' id='word_1_529' title='bbox 1254 1850 1377 1887; x_wconf 82' lang='lat' dir='ltr'><strong>Spiritus</strong></span> <span class='ocrx_word' id='word_1_530' title='bbox 1391 1849 1484 1877; x_wconf 85' lang='lat' dir='ltr'><strong>sancti</strong></span> <span class='ocrx_word' id='word_1_531' title='bbox 1504 1849 1662 1885; x_wconf 88' lang='lat' dir='ltr'><strong>loquentes</strong></span> <span class='ocrx_word' id='word_1_532' title='bbox 1678 1848 1768 1876; x_wconf 83' lang='lat' dir='ltr'><strong>variis</strong></span> <span class='ocrx_word' id='word_1_533' title='bbox 1782 1849 1903 1885; x_wconf 84' lang='lat' dir='ltr'><strong>linguis,</strong></span> 
     </span>
     <span class='ocr_line' id='line_1_87' title="bbox 1125 1896 1904 1934; baseline -0.003 -7"><span class='ocrx_word' id='word_1_534' title='bbox 1125 1899 1265 1927; x_wconf 81' lang='lat' dir='ltr'><strong>dicebant</strong></span> <span class='ocrx_word' id='word_1_535' title='bbox 1287 1897 1412 1934; x_wconf 76' lang='lat' dir='ltr'><strong>quidam</strong></span> <span class='ocrx_word' id='word_1_536' title='bbox 1435 1904 1558 1932; x_wconf 87' lang='lat' dir='ltr'><strong>eorum,</strong></span> <span class='ocrx_word' id='word_1_537' title='bbox 1584 1896 1656 1932; x_wconf 83' lang='lat' dir='ltr'><strong>quia</strong></span> <span class='ocrx_word' id='word_1_538' title='bbox 1680 1898 1779 1925; x_wconf 89' lang='lat' dir='ltr'><strong>musto</strong></span> <span class='ocrx_word' id='word_1_539' title='bbox 1800 1896 1904 1933; x_wconf 86' lang='lat' dir='ltr'><strong>repleti</strong></span> 
     </span>
     <span class='ocr_line' id='line_1_88' title="bbox 1124 1947 1355 1981; baseline -0.013 -5"><span class='ocrx_word' id='word_1_540' title='bbox 1124 1950 1216 1976; x_wconf 86' lang='lat' dir='ltr'><strong>erant.</strong></span> <span class='ocrx_word' id='word_1_541' title='bbox 1233 1947 1308 1981; x_wconf 64' lang='lat' dir='ltr'><strong>Act„</strong></span> <span class='ocrx_word' id='word_1_542' title='bbox 1324 1954 1355 1974; x_wconf 88' lang='lat'><strong>11.</strong></span> 
     </span>
    </p>

    <p class='ocr_par' dir='ltr' id='par_1_26' title="bbox 1123 1989 1904 2313">
     <span class='ocr_line' id='line_1_89' title="bbox 1161 1989 1904 2029; baseline -0.003 -7"><span class='ocrx_word' id='word_1_543' title='bbox 1161 1996 1267 2023; x_wconf 87' lang='lat' dir='ltr'><strong>Omnes</strong></span> <span class='ocrx_word' id='word_1_544' title='bbox 1290 1991 1427 2029; x_wconf 71' lang='lat' dir='ltr'><strong>discipuli</strong></span> <span class='ocrx_word' id='word_1_545' title='bbox 1452 1990 1602 2019; x_wconf 85' lang='lat' dir='ltr'><strong>christiani</strong></span> <span class='ocrx_word' id='word_1_546' title='bbox 1623 1989 1767 2018; x_wconf 86' lang='lat' dir='ltr'><strong>timebant</strong></span> <span class='ocrx_word' id='word_1_547' title='bbox 1780 1990 1904 2020; x_wconf 85' lang='lat' dir='ltr'><strong>Paulum</strong></span> 
     </span>
     <span class='ocr_line' id='line_1_90' title="bbox 1124 2037 1904 2078; baseline -0.004 -9"><span class='ocrx_word' id='word_1_548' title='bbox 1124 2044 1191 2078; x_wconf 79' lang='lat' dir='ltr'><strong>post</strong></span> <span class='ocrx_word' id='word_1_549' title='bbox 1207 2040 1431 2068; x_wconf 83' lang='lat' dir='ltr'><strong>conversionem</strong></span> <span class='ocrx_word' id='word_1_550' title='bbox 1448 2046 1544 2071; x_wconf 82' lang='lat' dir='ltr'><strong>suam,</strong></span> <span class='ocrx_word' id='word_1_551' title='bbox 1560 2045 1621 2066; x_wconf 92' lang='lat' dir='ltr'><strong>non</strong></span> <span class='ocrx_word' id='word_1_552' title='bbox 1644 2037 1797 2065; x_wconf 87' lang='lat' dir='ltr'><strong>credentes</strong></span> <span class='ocrx_word' id='word_1_553' title='bbox 1820 2038 1904 2073; x_wconf 80' lang='lat' dir='ltr'><strong>quod</strong></span> 
     </span>
     <span class='ocr_line' id='line_1_91' title="bbox 1126 2083 1904 2123; baseline -0.006 -6"><span class='ocrx_word' id='word_1_554' title='bbox 1126 2091 1200 2118; x_wconf 80' lang='lat' dir='ltr'><strong>esset</strong></span> <span class='ocrx_word' id='word_1_555' title='bbox 1214 2086 1388 2123; x_wconf 73' lang='lat' dir='ltr'><strong>discipulus,</strong></span> <span class='ocrx_word' id='word_1_556' title='bbox 1406 2085 1502 2113; x_wconf 84' lang='lat' dir='ltr'><strong>donec</strong></span> <span class='ocrx_word' id='word_1_557' title='bbox 1516 2084 1668 2112; x_wconf 81' lang='lat' dir='ltr'><strong>Barnabas</strong></span> <span class='ocrx_word' id='word_1_558' title='bbox 1683 2083 1767 2111; x_wconf 88' lang='lat' dir='ltr'><strong>duxit</strong></span> <span class='ocrx_word' id='word_1_559' title='bbox 1781 2091 1850 2112; x_wconf 89' lang='lat' dir='ltr'><strong>eum</strong></span> <span class='ocrx_word' id='word_1_560' title='bbox 1864 2083 1904 2112; x_wconf 81' lang='lat' dir='ltr'><strong>ad</strong></span> 
     </span>
     <span class='ocr_line' id='line_1_92' title="bbox 1125 2130 1903 2172; baseline -0.008 -8"><span class='ocrx_word' id='word_1_561' title='bbox 1125 2135 1290 2172; x_wconf 70' lang='lat' dir='ltr'><strong>Apostolos,</strong></span> <span class='ocrx_word' id='word_1_562' title='bbox 1306 2136 1332 2161; x_wconf 86' lang='lat' dir='ltr'><strong>et</strong></span> <span class='ocrx_word' id='word_1_563' title='bbox 1347 2132 1476 2160; x_wconf 81' lang='lat' dir='ltr'><strong>narravit</strong></span> <span class='ocrx_word' id='word_1_564' title='bbox 1491 2131 1564 2166; x_wconf 83' lang='lat' dir='ltr'><strong>illis,</strong></span> <span class='ocrx_word' id='word_1_565' title='bbox 1580 2130 1737 2166; x_wconf 83' lang='lat' dir='ltr'><strong>quomodo</strong></span> <span class='ocrx_word' id='word_1_566' title='bbox 1752 2130 1783 2157; x_wconf 92' lang='lat' dir='ltr'><strong>in</strong></span> <span class='ocrx_word' id='word_1_567' title='bbox 1796 2130 1846 2159; x_wconf 83' lang='lat' dir='ltr'><strong>via</strong></span> <span class='ocrx_word' id='word_1_568' title='bbox 1859 2131 1903 2158; x_wconf 87' lang='lat' dir='ltr'><strong>vi-</strong></span> 
     </span>
     <span class='ocr_line' id='line_1_93' title="bbox 1125 2177 1903 2214; baseline -0.008 -4"><span class='ocrx_word' id='word_1_569' title='bbox 1125 2184 1213 2211; x_wconf 78' lang='lat' dir='ltr'><strong>disset</strong></span> <span class='ocrx_word' id='word_1_570' title='bbox 1229 2181 1398 2214; x_wconf 89' lang='lat' dir='ltr'><strong>Dominum‚</strong></span> <span class='ocrx_word' id='word_1_571' title='bbox 1414 2181 1442 2207; x_wconf 89' lang='lat' dir='ltr'><strong>et</strong></span> <span class='ocrx_word' id='word_1_572' title='bbox 1458 2177 1613 2214; x_wconf 87' lang='lat' dir='ltr'><strong>quomodo</strong></span> <span class='ocrx_word' id='word_1_573' title='bbox 1629 2177 1658 2205; x_wconf 90' lang='lat' dir='ltr'><strong>in</strong></span> <span class='ocrx_word' id='word_1_574' title='bbox 1671 2179 1812 2205; x_wconf 87' lang='lat' dir='ltr'><strong>Damasco</strong></span> <span class='ocrx_word' id='word_1_575' title='bbox 1827 2177 1903 2205; x_wconf 87' lang='lat' dir='ltr'><strong>fidu-</strong></span> 
     </span>
     <span class='ocr_line' id='line_1_94' title="bbox 1125 2224 1901 2264; baseline -0.008 -6"><span class='ocrx_word' id='word_1_576' title='bbox 1125 2230 1236 2258; x_wconf 82' lang='lat' dir='ltr'><strong>cialiter</strong></span> <span class='ocrx_word' id='word_1_577' title='bbox 1259 2228 1318 2264; x_wconf 80' lang='lat' dir='ltr'><strong>egit</strong></span> <span class='ocrx_word' id='word_1_578' title='bbox 1332 2228 1362 2256; x_wconf 90' lang='lat' dir='ltr'><strong>in</strong></span> <span class='ocrx_word' id='word_1_579' title='bbox 1384 2226 1507 2255; x_wconf 86' lang='lat' dir='ltr'><strong>nomine</strong></span> <span class='ocrx_word' id='word_1_580' title='bbox 1527 2224 1644 2253; x_wconf 89' lang='lat' dir='ltr'><strong>Domini</strong></span> <span class='ocrx_word' id='word_1_581' title='bbox 1669 2226 1746 2253; x_wconf 80' lang='lat' dir='ltr'><strong>Jesu.</strong></span> <span class='ocrx_word' id='word_1_582' title='bbox 1770 2226 1845 2259; x_wconf 63' lang='lat' dir='ltr'><strong>Act„</strong></span> <span class='ocrx_word' id='word_1_583' title='bbox 1860 2232 1901 2259; x_wconf 86' lang='lat' dir='ltr'><strong>lx,</strong></span> 
     </span>
     <span class='ocr_line' id='line_1_95' title="bbox 1123 2279 1228 2313; baseline -0.019 -6"><span class='ocrx_word' id='word_1_584' title='bbox 1123 2280 1170 2313; x_wconf 69' lang='lat'><strong>26,</strong></span> <span class='ocrx_word' id='word_1_585' title='bbox 1184 2279 1228 2306; x_wconf 78' lang='lat'><strong>27.</strong></span> 
     </span>
    </p>

    <p class='ocr_par' dir='ltr' id='par_1_27' title="bbox 1124 2318 1902 2543">
     <span class='ocr_line' id='line_1_96' title="bbox 1158 2318 1901 2358; baseline -0.007 -5"><span class='ocrx_word' id='word_1_586' title='bbox 1158 2325 1305 2353; x_wconf 87' lang='lat' dir='ltr'><strong>Tribunus</strong></span> <span class='ocrx_word' id='word_1_587' title='bbox 1319 2321 1418 2358; x_wconf 74' lang='lat' dir='ltr'><strong>Lysias</strong></span> <span class='ocrx_word' id='word_1_588' title='bbox 1432 2320 1537 2348; x_wconf 75' lang='lat' dir='ltr'><strong>videns</strong></span> <span class='ocrx_word' id='word_1_589' title='bbox 1548 2319 1673 2348; x_wconf 86' lang='lat' dir='ltr'><strong>Paulum</strong></span> <span class='ocrx_word' id='word_1_590' title='bbox 1689 2327 1706 2348; x_wconf 89' lang='lat' dir='ltr'><strong>a</strong></span> <span class='ocrx_word' id='word_1_591' title='bbox 1717 2318 1824 2347; x_wconf 82' lang='lat' dir='ltr'><strong>Judaeis</strong></span> <span class='ocrx_word' id='word_1_592' title='bbox 1839 2321 1901 2348; x_wconf 87' lang='lat' dir='ltr'><strong>tam</strong></span> 
     </span>
     <span class='ocr_line' id='line_1_97' title="bbox 1125 2367 1902 2405; baseline -0.008 -4"><span class='ocrx_word' id='word_1_593' title='bbox 1125 2373 1202 2401; x_wconf 87' lang='lat' dir='ltr'><strong>male</strong></span> <span class='ocrx_word' id='word_1_594' title='bbox 1225 2370 1358 2404; x_wconf 84' lang='lat' dir='ltr'><strong>tractari,</strong></span> <span class='ocrx_word' id='word_1_595' title='bbox 1380 2367 1515 2405; x_wconf 73' lang='lat' dir='ltr'><strong>quaesivit</strong></span> <span class='ocrx_word' id='word_1_596' title='bbox 1533 2367 1571 2395; x_wconf 87' lang='lat' dir='ltr'><strong>ab</strong></span> <span class='ocrx_word' id='word_1_597' title='bbox 1592 2375 1627 2394; x_wconf 90' lang='lat' dir='ltr'><strong>eo</strong></span> <span class='ocrx_word' id='word_1_598' title='bbox 1644 2375 1650 2393; x_wconf 95' lang='lat'>:</span> <span class='ocrx_word' id='word_1_599' title='bbox 1673 2375 1687 2391; x_wconf 92' lang='lat'>«</span> <span class='ocrx_word' id='word_1_600' title='bbox 1702 2367 1803 2394; x_wconf 89' lang='lat' dir='ltr'><strong>Nonne</strong></span> <span class='ocrx_word' id='word_1_601' title='bbox 1825 2367 1856 2394; x_wconf 86' lang='lat' dir='ltr'><strong>tu</strong></span> <span class='ocrx_word' id='word_1_602' title='bbox 1871 2374 1902 2395; x_wconf 82' lang='lat' dir='ltr'><strong>es</strong></span> 
     </span>
     <span class='ocr_line' id='line_1_98' title="bbox 1124 2413 1902 2456; baseline -0.006 -9"><span class='ocrx_word' id='word_1_603' title='bbox 1124 2418 1292 2456; x_wconf 75' lang='lat' dir='ltr'><strong>AEgyptius,</strong></span> <span class='ocrx_word' id='word_1_604' title='bbox 1311 2417 1362 2453; x_wconf 88' lang='lat' dir='ltr'><strong>qui</strong></span> <span class='ocrx_word' id='word_1_605' title='bbox 1386 2418 1452 2444; x_wconf 86' lang='lat' dir='ltr'><strong>ante</strong></span> <span class='ocrx_word' id='word_1_606' title='bbox 1472 2415 1526 2443; x_wconf 89' lang='lat' dir='ltr'><strong>hos</strong></span> <span class='ocrx_word' id='word_1_607' title='bbox 1547 2414 1610 2442; x_wconf 89' lang='lat' dir='ltr'><strong>dies</strong></span> <span class='ocrx_word' id='word_1_608' title='bbox 1624 2413 1783 2441; x_wconf 83' lang='lat' dir='ltr'><strong>tumultum</strong></span> <span class='ocrx_word' id='word_1_609' title='bbox 1803 2415 1902 2442; x_wconf 87' lang='lat' dir='ltr'><strong>conci-</strong></span> 
     </span>
     <span class='ocr_line' id='line_1_99' title="bbox 1124 2460 1900 2500; baseline -0.008 -5"><span class='ocrx_word' id='word_1_610' title='bbox 1124 2466 1199 2500; x_wconf 88' lang='lat' dir='ltr'><strong>tasti,</strong></span> <span class='ocrx_word' id='word_1_611' title='bbox 1215 2467 1243 2493; x_wconf 85' lang='lat' dir='ltr'><strong>et</strong></span> <span class='ocrx_word' id='word_1_612' title='bbox 1255 2463 1380 2492; x_wconf 80' lang='lat' dir='ltr'><strong>eduxisti</strong></span> <span class='ocrx_word' id='word_1_613' title='bbox 1396 2463 1426 2490; x_wconf 92' lang='lat' dir='ltr'><strong>in</strong></span> <span class='ocrx_word' id='word_1_614' title='bbox 1441 2462 1557 2490; x_wconf 84' lang='lat' dir='ltr'><strong>deserto</strong></span> <span class='ocrx_word' id='word_1_615' title='bbox 1573 2462 1701 2497; x_wconf 77' lang='lat' dir='ltr'><strong>quatuor</strong></span> <span class='ocrx_word' id='word_1_616' title='bbox 1714 2460 1808 2488; x_wconf 87' lang='lat' dir='ltr'><strong>millia</strong></span> <span class='ocrx_word' id='word_1_617' title='bbox 1820 2461 1900 2489; x_wconf 90' lang='lat' dir='ltr'><strong>viro·</strong></span> 
     </span>
     <span class='ocr_line' id='line_1_100' title="bbox 1124 2508 1654 2543; baseline -0.015 -1"><span class='ocrx_word' id='word_1_618' title='bbox 1124 2522 1191 2542; x_wconf 88' lang='lat' dir='ltr'><strong>rum</strong></span> <span class='ocrx_word' id='word_1_619' title='bbox 1206 2511 1401 2540; x_wconf 73' lang='lat' dir='ltr'><strong>sicariorum?</strong></span> <span class='ocrx_word' id='word_1_620' title='bbox 1415 2520 1428 2536; x_wconf 84' lang='lat'>»</span> <span class='ocrx_word' id='word_1_621' title='bbox 1446 2510 1520 2543; x_wconf 63' lang='lat' dir='ltr'><strong>Act„</strong></span> <span class='ocrx_word' id='word_1_622' title='bbox 1532 2515 1594 2541; x_wconf 74' lang='lat' dir='ltr'><strong>xxi,</strong></span> <span class='ocrx_word' id='word_1_623' title='bbox 1610 2508 1654 2535; x_wconf 87' lang='lat'><strong>38.</strong></span> 
     </span>
    </p>

    <p class='ocr_par' dir='ltr' id='par_1_28' title="bbox 1123 2554 1901 2686">
     <span class='ocr_line' id='line_1_101' title="bbox 1161 2554 1900 2591; baseline -0.005 -3"><span class='ocrx_word' id='word_1_624' title='bbox 1161 2562 1194 2588; x_wconf 83' lang='lat' dir='ltr'><strong>Ut</strong></span> <span class='ocrx_word' id='word_1_625' title='bbox 1215 2559 1352 2587; x_wconf 82' lang='lat' dir='ltr'><strong>viderunt</strong></span> <span class='ocrx_word' id='word_1_626' title='bbox 1376 2556 1498 2585; x_wconf 84' lang='lat' dir='ltr'><strong>barbari</strong></span> <span class='ocrx_word' id='word_1_627' title='bbox 1519 2555 1654 2591; x_wconf 84' lang='lat' dir='ltr'><strong>viperam</strong></span> <span class='ocrx_word' id='word_1_628' title='bbox 1674 2554 1855 2590; x_wconf 84' lang='lat' dir='ltr'><strong>pendentem</strong></span> <span class='ocrx_word' id='word_1_629' title='bbox 1870 2555 1900 2584; x_wconf 91' lang='lat' dir='ltr'><strong>in</strong></span> 
     </span>
     <span class='ocr_line' id='line_1_102' title="bbox 1124 2601 1901 2639; baseline -0.008 -3"><span class='ocrx_word' id='word_1_630' title='bbox 1124 2615 1215 2636; x_wconf 89' lang='lat' dir='ltr'><strong>manu</strong></span> <span class='ocrx_word' id='word_1_631' title='bbox 1230 2605 1369 2639; x_wconf 86' lang='lat' dir='ltr'><strong>Pauli,ad</strong></span> <span class='ocrx_word' id='word_1_632' title='bbox 1381 2604 1509 2633; x_wconf 90' lang='lat' dir='ltr'><strong>invicem</strong></span> <span class='ocrx_word' id='word_1_633' title='bbox 1524 2601 1664 2630; x_wconf 85' lang='lat' dir='ltr'><strong>dicebant</strong></span> <span class='ocrx_word' id='word_1_634' title='bbox 1679 2610 1686 2629; x_wconf 86' lang='lat' dir='ltr'>z</span> <span class='ocrx_word' id='word_1_635' title='bbox 1704 2611 1719 2628; x_wconf 72' lang='grc' dir='ltr'><strong>ι(</strong></span> <span class='ocrx_word' id='word_1_636' title='bbox 1731 2601 1835 2637; x_wconf 84' lang='lat' dir='ltr'><strong>Utique</strong></span> <span class='ocrx_word' id='word_1_637' title='bbox 1850 2601 1901 2630; x_wconf 88' lang='lat' dir='ltr'><strong>ho-</strong></span> 
     </span>
     <span class='ocr_line' id='line_1_103' title="bbox 1123 2648 1900 2686; baseline -0.008 -3"><span class='ocrx_word' id='word_1_638' title='bbox 1123 2654 1234 2683; x_wconf 81' lang='lat' dir='ltr'><strong>micida</strong></span> <span class='ocrx_word' id='word_1_639' title='bbox 1255 2656 1298 2682; x_wconf 82' lang='lat' dir='ltr'><strong>est</strong></span> <span class='ocrx_word' id='word_1_640' title='bbox 1313 2653 1404 2681; x_wconf 89' lang='lat' dir='ltr'><strong>homo</strong></span> <span class='ocrx_word' id='word_1_641' title='bbox 1419 2651 1484 2686; x_wconf 82' lang='lat' dir='ltr'><strong>hic3</strong></span> <span class='ocrx_word' id='word_1_642' title='bbox 1499 2659 1514 2675; x_wconf 75' lang='lat' dir='ltr'>n</span> <span class='ocrx_word' id='word_1_643' title='bbox 1532 2651 1561 2677; x_wconf 81' lang='lat' dir='ltr'><strong>et</strong></span> <span class='ocrx_word' id='word_1_644' title='bbox 1581 2648 1769 2677; x_wconf 71' lang='lat' dir='ltr'><strong>aestimabant</strong></span> <span class='ocrx_word' id='word_1_645' title='bbox 1787 2649 1900 2678; x_wconf 90' lang='lat' dir='ltr'><strong>eumin</strong></span> 
     </span>
    </p>
   </div>
  </div>
 </body>
</html>
