2004 3037
474 168 523 201 DE
545 167 780 202 GRATIARUM
801 168 1165 203 SANCTIFICATIONE.
1189 171 1274 204 CAP.
1296 172 1441 204 Lx-in.

154 246 222 268 cum
237 238 359 268 dicitur:
385 239 446 268 Non
467 237 577 266 occides.
598 238 656 266 Hoc
679 237 748 266 dico
768 236 932 265 secundum

153 284 281 314 formam
295 285 449 320 tradendi,
466 292 528 314 non
542 283 708 313 secundum
721 283 875 312 veritatem
888 284 933 312 in-

153 332 316 368 telligendi,
344 332 414 369 quia
432 331 535 360 omnia
552 332 699 367 praecepta
717 330 856 366 negativa
873 337 934 359 ma-

154 387 227 408 num
242 381 270 408 et
284 379 419 407 animum
432 378 533 414 ligant.

191 425 283 454 Multis
298 425 396 454 modis
410 424 549 460 ligamur,
563 423 675 452 scilicet
691 426 715 452 1.
731 423 797 459 lege
811 425 933 458 naturae,

154 475 187 501 ut
205 474 247 501 est
262 471 385 508 diligere
400 472 491 499 Deum
510 478 599 506 super
614 470 731 506 omnia,
753 472 782 498 et
798 470 873 498 nulli
892 470 935 498 fa-

156 527 222 548 cere
237 518 320 556 quod
334 517 421 546 nobis
435 517 500 546 fieri
514 517 664 545 nolumus.
680 519 707 545 2.
724 517 877 553 Proeeeptis
891 516 936 544 di-

155 565 242 601 vinis,
254 567 287 594 ut
297 564 445 601 ligabatur
459 563 554 592 Adam
568 564 721 600 praeceptis
735 563 791 592 sibi
808 563 894 599 datis,
908 566 937 592 et

155 612 247 641 Judaei
270 612 338 640 suis.
354 612 381 640 3.
398 612 485 646 Voto,
506 611 592 647 quia,
613 610 777 639 secundum
801 610 936 645 Augusti-

156 668 240 694 num,
253 667 363 688 vovere
378 659 421 686 est
434 658 605 693 voluntatis,
621 657 674 685 sed
689 657 815 685 reddere
830 659 872 685 est
884 665 936 685 ne-

157 705 306 735 cessitatis.
323 705 403 733 Unde
421 704 604 741 quibusdam
624 704 713 732 etiam
727 703 852 732 consilia
869 706 938 732 sunt

156 754 320 789 praecepta,
343 752 418 780 sicut
441 751 587 787 religiosis
610 751 662 787 qui
683 752 830 779 voverunt
855 750 935 779 talia.

157 801 184 828 4.
202 799 325 827 Decretis
339 800 467 833 Patrum,
484 799 517 826 ut
531 800 572 826 est
583 798 717 833 jejunare
732 797 847 834 aliquas
861 797 937 832 vigi-

159 846 225 881 lias,
240 847 268 873 et
287 845 469 881 hujusmodi.
486 848 512 872 5.
528 844 757 879 consuetudine,
774 844 938 872 secundum

160 892 243 929 quod
253 893 283 920 in
294 892 415 920 Francia
423 891 638 928 primogenitus
648 891 778 919 succedit
790 891 820 918 in
834 899 937 926 regno.

160 942 185 967 6.
198 939 338 968 Mandatis
347 939 536 975 praelatorum
542 947 551 974 3
561 938 641 966 unde
652 939 676 965 ¹:
690 939 776 973 Super
784 938 939 965 cathedram

160 987 264 1020 Moysi,
280 988 333 1014 etc.
351 988 376 1013 7.
393 985 589 1020 Conscientia,
606 985 690 1020 quia,
708 984 871 1012 secundum
885 987 939 1012 Au-

161 1032 324 1068 gustinum,
342 1042 356 1059 (ι
370 1032 523 1068 Quidquid
541 1032 574 1060 fit
592 1034 694 1060 contra
713 1032 940 1068 conscientiam,

159 1079 285 1107 aedificat
298 1079 337 1107 ad
352 1079 526 1114 gehennam.
544 1089 556 1105 ι)

195 1127 337 1154 Numerus
369 1127 584 1162 praeceptorum
613 1126 739 1153 sumitur
766 1125 807 1153 sic
830 1135 836 1153 :
868 1126 940 1162 quia

160 1172 298 1209 quaedam
314 1172 452 1200 ordinant
475 1180 530 1200 1105
555 1172 593 1200 ad
616 1173 721 1206 Deum,
744 1172 882 1208 quaedam
900 1172 940 1200 ad

160 1219 344 1255 proximum:
363 1220 445 1256 quod
456 1221 530 1248 Deus
538 1220 689 1248 insinuare
699 1220 804 1254 voluit,
817 1221 938 1256 quando

161 1266 191 1293 in
204 1266 322 1294 duabus
337 1266 446 1294 tabulis
459 1267 558 1302 legem
573 1266 662 1294 dedit.
680 1268 712 1294 ln
726 1266 823 1302 prima
837 1267 940 1295 tabula

161 1315 228 1340 sunt
246 1312 301 1341 tria
323 1315 482 1349 praecepta,
508 1321 573 1349 quae
595 1313 742 1350 pertinent
761 1314 800 1341 ad
823 1315 936 1342 Deum:

161 1367 290 1396 quorum
309 1359 439 1396 primum
458 1360 583 1395 pertinet
603 1360 642 1387 ad
662 1361 789 1394 Patrem,
811 1361 883 1396 quia
899 1364 941 1389 cst

162 1406 199 1433 de
222 1406 324 1434 divina
344 1406 471 1441 unitate;
495 1407 676 1441 secundum,
694 1407 733 1434 ad
753 1407 801 1434 Dei
816 1407 937 1443 Filium,

162 1453 234 1488 quia
249 1455 290 1480 est
304 1452 506 1488 dejuramenti
522 1453 658 1488 veritate3
675 1453 802 1488 tertium,
821 1454 859 1481 ad
875 1455 938 1490 Spi-

159 1499 248 1527 ritum
263 1501 408 1533 sanctum,
424 1499 494 1535 quia
509 1502 551 1527 est
563 1500 600 1527 de
615 1500 758 1536 spirituali
774 1501 937 1528 vacatione.

161 1547 190 1572 ln
218 1547 349 1574 secunda
377 1547 478 1574 tabula
502 1549 568 1575 sunt
595 1549 707 1583 septem
728 1549 874 1583 praecepta
900 1548 939 1575 ad

160 1592 330 1628 proximum
345 1593 506 1629 spectantia
522 1602 528 1620 ;
550 1601 680 1629 quorum
693 1593 824 1629 primum
843 1596 885 1622 051
901 1594 938 1622 (10

163 1639 337 1667 exhibendis
353 1639 458 1675 bonis,
483 1642 515 1667 ut
529 1642 572 1667 est
589 1639 683 1668 illud:
705 1641 813 1667 Honora
831 1643 939 1675 patrem

162 1690 251 1720 tuum,
268 1689 321 1714 etc.
338 1687 462 1722 Reliqua
476 1695 527 1714 sex
541 1689 609 1714 sunt
623 1686 660 1714 de
680 1687 819 1714 cavendis
833 1687 919 1715 malis
928 1710 936 1723 ,

161 1741 227 1769 quae
248 1733 348 1760 inferri
364 1735 487 1769 possunt
502 1733 608 1768 corde,
627 1733 675 1761 vel
691 1741 795 1769 opere,
812 1734 858 1761 vel
875 1742 935 1761 ore.

160 1781 253 1816 Opere
273 1779 410 1807 laedimus
430 1780 603 1816 proximum
621 1780 791 1816 tripliciter:
817 1782 938 1816 propter

161 1826 244 1862 quod
263 1826 370 1854 dantur
388 1826 443 1854 tria
465 1829 628 1862 praecepta:
645 1827 776 1862 primum
797 1829 856 1854 est:
876 1828 937 1856 Non

162 1874 277 1906 occides;
302 1873 485 1901 secundum:
508 1875 568 1902 Non
591 1875 777 1907 moecltaberz's3
798 1874 934 1901 tertium:

163 1920 222 1947 Non
241 1921 342 1953 furtum
357 1922 451 1953 facies.
468 1921 523 1948 Ore
541 1928 662 1956 quoque
681 1920 818 1948 laedimus
836 1921 936 1957 proxi-

160 1974 253 2000 mum,
263 1967 290 1993 et
302 1969 344 1993 est
355 1968 458 1994 contra
471 1967 560 1994 illud:
577 1969 638 1995 Non
650 1967 721 1994 dices
736 1971 830 1994 contra
842 1969 936 2002 promi-

158 2021 229 2039 mum
253 2015 329 2039 tuum
351 2014 453 2046 falsum
474 2016 667 2041 testimonium.
685 2014 778 2041 Corde
800 2014 935 2042 laedimus

157 2058 329 2094 proximum
349 2058 524 2095 dupliciter:
542 2060 725 2095 quandoque
744 2063 877 2095 respectu
893 2061 934 2088 rei

157 2106 381 2140 irrationabilis,
404 2106 441 2133 de
463 2106 519 2134 1100
542 2106 667 2133 dicitur:
690 2108 750 2134 Non
767 2109 934 2142 concupisces

156 2162 209 2180 rem
225 2155 347 2188 proximi
369 2155 409 2180 tui
416 2164 423 2187 ;
440 2153 623 2189 quandoque
638 2156 772 2189 respectu
787 2154 829 2181 rei
848 2154 934 2181 ratio-

156 2200 242 2234 naliS,
259 2202 286 2228 et
302 2200 338 2227 de
352 2200 409 2228 hoc
424 2200 531 2228 dicitur
545 2209 551 2227 :
569 2201 628 2228 Non
643 2201 809 2235 concupisces
824 2209 934 2228 umorem

156 2247 274 2280 proximi
289 2247 341 2274 tui.

427 2326 568 2360 CAPUT
593 2326 662 2359 LX.

383 2407 420 2432 De
442 2407 533 2441 primo
559 2407 703 2441 Proecepto.

191 2480 321 2508 Primum
334 2483 514 2517 praeceptum
528 2483 585 2510 tres
601 2482 691 2510 habet
702 2482 861 2510 clausulas
876 2482 932 2510 Pri-

159 2534 207 2554 ma
222 2529 263 2554 est
278 2536 284 2554 ε
305 2528 365 2556 Νοη
386 2529 494 2555 habebis
513 2529 573 2556 deos
589 2530 688 2557 alienos
703 2538 792 2558 eoram
809 2538 863 2562 me;
880 2529 932 2558 ubi

194 2624 198 2637 ¹
214 2623 315 2654 Manli„
330 2631 405 2656 xxxii,
420 2628 444 2650 2.

1706 175 1762 205 19¹1

988 236 1185 273 prohibemur
1197 239 1323 268 adorare
1343 241 1491 268 creaturas
1506 239 1689 276 spirituales,
1707 240 1764 268 sci-

989 282 1057 312 11001
1071 285 1204 320 angelos.
1218 286 1353 315 Secunda
1366 288 1408 315 est
1418 295 1424 314 :
1434 287 1496 316 Non
1509 287 1596 320 facies
1612 287 1665 314 tibi
1678 287 1766 322 sculp-

991 331 1054 363 tile,
1076 331 1133 359 hoc
1159 334 1201 360 est
1221 333 1365 369 imagines
1385 334 1484 368 fictaS,
1507 341 1574 370 quae
1594 333 1706 362 nullius
1724 334 1767 362 rei

989 378 1132 406 naturalis
1147 382 1214 408 sunt
1227 381 1480 416 reprcesentativae.
1493 380 1587 408 Tertia
1599 383 1641 408 est
1653 390 1659 409 z
1675 382 1768 417 Neque

990 431 1093 452 omnem
1105 427 1329 462 similitudinem,
1346 426 1455 454 scilicet
1475 425 1637 462 imaginem
1657 427 1699 456 rei
1714 435 1769 456 na-

990 471 1106 506 turalis3
1128 475 1156 500 et
1170 473 1304 509 sequitur
1320 483 1326 501 :
1348 474 1412 506 Quoe
1426 476 1464 501 est
1480 475 1508 501 z'n
1522 475 1583 501 coelo
1597 474 1720 510 desuper,
1736 476 1770 502 ut

991 517 1066 545 Solis
1081 520 1109 546 et
1127 520 1232 548 Lunae:
1253 523 1278 547 et
1299 528 1358 555 quae
1377 521 1494 548 interra
1511 520 1646 556 deorsum,
1665 523 1697 549 ut
1716 521 1770 549 ho-

992 564 1094 599 minis,
1115 565 1219 601 bovis,
1242 568 1269 594 et
1291 566 1454 594 similium:
1474 568 1567 602 Neque
1587 575 1690 600 eorum,
1712 577 1770 603 quae

991 614 1054 638 sunt
1070 613 1100 639 in
1113 614 1192 648 aquis
1206 614 1253 640 sub
1267 616 1350 646 terra,
1365 613 1397 641 id
1412 614 1464 648 est,
1479 613 1614 649 piscium.
1629 614 1690 642 Non
1705 614 1771 642 ado-

992 658 1067 685 rabis
1093 667 1142 693 ea,
1166 659 1276 688 scilicet
1299 663 1366 688 actu
1391 660 1551 688 exteriori.-
1575 662 1667 696 Neque
1690 662 1770 697 coles,

992 704 1102 733 50111001
1119 706 1227 734 affectu
1242 707 1382 735 interiori.
1399 709 1439 735 Ex
1459 707 1504 735 his
1518 709 1599 744 patet
1613 708 1697 744 quod
1710 716 1772 736 non

991 752 1249 788 reprehenduntur
1272 754 1441 788 Christiani,
1461 754 1512 790 qui
1535 753 1646 782 faciunt
1664 755 1771 791 imagi-

993 807 1060 834 nes,
1081 808 1142 828 non
1159 800 1281 836 quidem
1300 800 1339 828 ad
1358 801 1563 836 adorandum,
1579 802 1632 829 sed
1653 802 1692 830 ad
1711 810 1773 831 me-

993 846 1184 874 morandum.
1197 848 1296 875 Honor
1307 850 1416 882 autem,
1425 849 1477 884 qui
1490 848 1645 876 exhibetur
1654 849 1772 884 sanctis,

993 901 1054 920 non
1071 895 1113 921 est
1134 893 1241 929 latriae,
1258 894 1310 922 sed
1326 894 1423 922 duliae.
1446 895 1614 923 secundum
1628 896 1773 924 rationem

994 939 1187 974 allegoricam
1201 941 1298 976 prima
1319 941 1407 976 hujus
1425 942 1562 978 praecepti
1578 942 1711 970 clausula
1726 951 1773 971 os-

996 986 1087 1014 tendit
1100 987 1216 1015 Judaeos
1231 990 1258 1015 et
1270 989 1430 1016 Saracenos
1445 997 1506 1016 0550
1522 989 1706 1022 idololatras,
1722 990 1774 1026 qui

995 1033 1067 1061 deos
1075 1034 1322 1062 habentalieuos:
1337 1035 1429 1062 Judaei
1443 1035 1577 1071 quidem⁷
1590 1036 1733 1071 Messiam,
1743 1037 1774 1064 id

996 1082 1047 1114 051,
1059 1080 1280 1116 Α1111011115111Π1;
1295 1082 1442 1115 Saraceni,
1454 1082 1658 1110 Mahometum.
1668 1085 1775 1111 Contra

995 1128 1158 1155 secundam
1184 1128 1366 1162 clausulam,
1390 1129 1514 1163 scilicet,
1538 1130 1598 1157 Non
1618 1131 1701 1162 facies
1725 1130 1775 1157 tibi

994 1175 1167 1209 sculptibile,
1182 1174 1293 1202 iaciunt
1306 1175 1444 1208 haeretici,
1459 1175 1583 1211 quinon
1598 1175 1722 1203 credunt
1737 1176 1774 1204 (10

996 1221 1069 1254 Deo,
1089 1220 1145 1248 nisi
1167 1221 1250 1257 quod
1269 1221 1481 1257 imaginatione
1502 1230 1555 1249 sua
1573 1224 1601 1249 et
1620 1222 1774 1258 phantasia

996 1266 1178 1302 confingunt.
1198 1268 1304 1295 Contra
1325 1268 1437 1295 tertiam
1459 1260 1571 1296 faciunt
1592 1269 1660 1296 maii
1680 1269 1774 1297 Chris-

996 1313 1081 1348 tiani,
1098 1314 1168 1350 quia
1183 1314 1302 1350 superbi
1318 1315 1417 1342 colunt
1432 1315 1655 1343 similitudinem
1669 1324 1774 1344 eorum

995 1369 1062 1396 quae
1076 1362 1144 1388 sunt
1161 1369 1250 1397 super
1266 1364 1389 1396 terram,
1405 1362 1515 1390 scilicet
1528 1361 1657 1390 honores
1674 1372 1680 1390 :
1703 1371 1773 1391 nam

995 1408 1122 1443 diligunt
1141 1417 1229 1445 super
1247 1409 1347 1437 omnia
1364 1409 1553 1445 prfelaturas3
1575 1410 1657 1437 avari
1671 1410 1774 1439 colunt

994 1455 1219 1483 similitudinem
1234 1464 1339 1483 eorum
1354 1464 1419 1492 quse
1434 1458 1501 1483 sunt
1514 1456 1545 1483 in
1561 1458 1646 1491 terra,
1663 1457 1774 1485 scilicet

994 1502 1151 1536 pecuniam
1172 1505 1200 1530 et
1218 1502 1351 1530 divitias:
1370 1502 1540 1538 voluptuosi
1557 1503 1657 1531 colunt
1672 1503 1774 1531 simili⁴

994 1548 1128 1575 tudinem
1143 1557 1262 1582 eorum,
1278 1558 1344 1585 quae
1358 1552 1425 1576 sunt
1442 1549 1471 1576 in
1487 1549 1586 1585 aquis,
1609 1549 1639 1577 id
1654 1552 1706 1584 est,
1722 1550 1772 1578 de-

993 1594 1075 1622 licias
1091 1596 1118 1622 et
1131 1595 1307 1631 voluptates.

1253 1689 1395 1722 CAPUT
1423 1689 1508 1722 LXI.

1210 1761 1247 1788 De
1273 1761 1384 1788 secundo
1410 1762 1554 1797 Proecepto.

1029 1829 1197 1858 Secundum
1213 1831 1273 1857 est:
1294 1831 1353 1858 Non
1374 1838 1492 1857 assumes
1510 1838 1605 1858 nomen
1620 1832 1670 1858 Dez'
1685 1834 1727 1858 tw?
1742 1834 1770 1859 in

992 1886 1101 1904 vanum.
1117 1877 1166 1904 llic
1181 1877 1355 1913 prohibetur
1366 1877 1568 1911 juramentum
1587 1878 1670 1913 quod
1683 1878 1716 1905 fit
1733 1879 1769 1915 (u)

992 1924 1054 1951 sine
1068 1931 1171 1958 causa,
1188 1926 1214 1950 01
1229 1923 1401 1959 perjurium.
1420 1924 1545 1959 Uterque
1563 1924 1641 1951 enim
1657 1927 1768 1960 peccat,

992 1970 1102 1998 scilicet
1116 1978 1170 2005 pro
1186 1970 1277 1997 nihilo
1295 1970 1398 2004 jurans
1419 1973 1445 1997 ct
1467 1978 1633 2004 assumens,
1656 1974 1682 1998 et
1696 1971 1769 2000 falso

989 2017 1092 2052 jurans
1106 2024 1217 2044 nomen
1231 2017 1279 2043 Dei
1294 2016 1324 2043 in
1340 2024 1451 2043 vanum
1465 2026 1471 2042 :
1490 2017 1560 2052 quia
1579 2017 1692 2052 primus
1707 2018 1769 2046 sine

992 2071 1081 2090 causa
1104 2063 1238 2090 nominat
1260 2071 1408 2089 summam
1432 2062 1599 2096 veritatem5
1621 2063 1769 2091 secundus

992 2111 1089 2136 autem
1105 2109 1288 2136 nominatam
1303 2109 1472 2136 contemnit.

1026 2155 1129 2182 Tribus
1152 2155 1249 2182 modis
1271 2155 1337 2190 quis
1361 2157 1463 2190 peccat
1491 2155 1521 2182 in
1542 2155 1695 2191 perjurio:
1722 2157 1769 2185 vel

988 2201 1117 2236 jurando
1134 2203 1236 2228 contra
1259 2201 1484 2235 conscientiam,
1502 2201 1548 2229 vel
1565 2202 1694 2237 jurando
1710 2202 1767 2230 illi-

991 2249 1095 2283 citum,
1115 2248 1163 2276 vel
1177 2248 1325 2276 veniendo
1349 2251 1451 2276 contra
1470 2249 1681 2284 juramentum.
1697 2251 1769 2278 Prae-

990 2298 1070 2323 terea
1085 2295 1238 2322 sciendum
1258 2297 1299 2322 est
1321 2295 1404 2331 quod
1416 2296 1599 2330 juramenta,
1622 2305 1687 2332 quae
1703 2297 1768 2332 quis

991 2351 1026 2370 ex
1040 2344 1117 2370 certa
1133 2341 1253 2369 scientia
1266 2342 1334 2369 facit
1345 2342 1388 2377 (b),
1400 2342 1449 2369 vel
1464 2345 1569 2370 sonant
1584 2343 1614 2370 in
1632 2343 1767 2379 blasphe-

990 2389 1091 2424 miam,
1105 2391 1136 2415 ut
1151 2388 1272 2423 quando
1289 2388 1355 2424 quis
1367 2389 1446 2423 jurat
1460 2397 1512 2424 per
1528 2397 1634 2425 corpus
1648 2390 1708 2422 Dei,
1724 2389 1767 2417 in-

990 2435 1107 2470 testina,
1125 2437 1151 2462 et
1166 2435 1287 2469 similia,
1304 2434 1352 2461 vel
1369 2438 1473 2462 sonant
1488 2435 1519 2462 111
1533 2435 1764 2470 irreverentiam,

990 2482 1062 2510 sicut
1085 2481 1208 2517 quando
1231 2482 1310 2516 Jurat
1330 2489 1383 2516 per
1409 2481 1533 2509 vulnera
1558 2481 1677 2515 Christi,
1700 2484 1767 2510 sunt

989 2531 1109 2565 peccata
1125 2527 1270 2561 mortalia,
1288 2528 1400 2555 etiamsi
1416 2535 1520 2555 verum
1534 2531 1575 2555 est
1590 2529 1673 2563 quod
1686 2529 1766 2564 jura-

1023 2630 1057 2660 (α)
1072 2630 1131 2653 Caet.
1147 2628 1206 2652 edit.
1225 2627 1264 2651 sit.
1276 2640 1306 2645 -
1321 2627 1355 2658 (b)
1372 2626 1460 2658 Suppl.
1477 2632 1593 2657 quaeque.
