2004 3037
879 228 1011 263 CAPUT
1030 229 1113 264 XLII
1116 255 1123 264 .

215 298 355 328 Videntes
369 296 520 336 principes
533 297 728 327 sacerdotum
743 297 773 327 et
789 296 895 327 scribae
908 297 965 327 mi-

179 346 289 377 rabilia
316 353 383 384 quae
406 345 550 375 Dominus
563 345 710 380 faciebat,
734 346 763 374 et
771 352 884 382 pueros
906 345 966 375 cla-

179 395 295 423 mantes
324 402 332 423 :
367 402 381 420 α
407 394 546 422 Hosanna
577 393 641 422 filio
657 391 798 429 David,»
817 391 965 430 indignati

180 443 258 478 sunt,
272 451 287 469 n
306 442 361 470 etc.
376 440 491 474 Matth„
505 448 566 475 xxx,
581 442 610 469 et
622 441 700 473 Luc„
715 448 777 469 xlx.

216 490 317 518 Frater
329 488 384 516 filii
397 487 519 525 prodigi
539 487 666 516 audiens
683 488 806 522 festum,
821 488 905 524 quod
920 487 965 517 fa-

181 536 278 566 ciebat
291 538 375 573 pater
396 534 626 564 adolescentiori
645 535 709 563 filio
730 535 907 571 revertenti,
922 535 966 564 in-

181 584 320 620 dignatus
333 584 384 619 est,
398 583 426 611 et
439 582 563 611 nolebat
577 583 709 611 introire.
725 583 801 615 Luc„
817 590 865 612 xv.

216 633 240 660 A
262 631 351 659 beato
374 631 488 659 Joanne
511 630 641 666 Bapt1sta
660 629 750 666 longe
773 629 829 658 fuit
849 629 966 659 invidia

179 679 329 714 relegata,
349 677 390 707 ad
409 685 502 715 quem
523 685 591 706 cum
611 677 746 706 venirent
767 677 921 715 discipuli,
938 679 966 707 et

181 726 313 756 dicerent
333 724 419 762 quod
441 725 572 754 Christus
595 725 782 762 baptizabat,
808 728 837 754 et
860 733 966 754 omnes

180 773 264 802 ibant
286 775 355 810 post
376 780 445 801 eum
456 781 465 808 ;
484 772 644 810 respondit
662 781 669 801 :
688 773 837 801 «Amicus
851 773 964 809 sponsi,

180 820 233 858 qui
247 821 317 856 stat,
337 821 365 848 et
378 820 462 848 audit
476 828 564 854 eum,
582 819 694 856 gaudio
714 820 826 856 gaudet
843 822 966 857 propter

180 877 287 898 vocem
310 868 422 905 sponsi.
446 869 506 896 Hoc
525 876 595 903 ergo
620 867 765 903 gaudium
784 876 887 898 meum
911 869 966 898 im-

180 916 295 953 pletum
310 918 361 951 est,
375 925 390 944 »
408 917 462 943 etc.
478 917 567 948 Joan„
585 923 629 950 111,
644 917 691 944 29.

216 963 345 998 Quidam
363 962 458 991 Judaei
479 962 531 999 qui
553 962 692 991 viderant
706 964 850 992 Lazarum
874 971 892 992 a
911 965 967 994 Do-

180 1012 263 1041 mino
279 1011 429 1047 suscitari,
444 1011 583 1040 abierunt
598 1011 638 1039 ad
654 1011 830 1047 Pharisaeos,
844 1013 873 1039 et
886 1011 968 1039 dixe-

180 1062 249 1089 runt
264 1067 331 1096 quae
347 1059 417 1087 fecit
431 1059 523 1086 Jesus.
545 1058 737 1094 Collegerunt
752 1067 823 1095 ergo
842 1059 967 1088 Pontifi-

181 1115 229 1135 ces
245 1108 273 1135 et
292 1106 428 1135 Pharisaei
450 1105 619 1139 consilium,
635 1107 690 1134 etc.
707 1107 798 1142 Joan„
813 1115 855 1141 XI,
870 1108 965 1135 46-47.

184 1173 192 1176 ν
215 1154 261 1184 Ad
277 1156 339 1182 tam
351 1154 482 1182 immane
497 1153 593 1181 scelus
606 1153 757 1190 principes
775 1154 967 1184 sacerdotum

182 1211 218 1231 ex
238 1203 352 1231 invidia
373 1204 593 1239 proruperunt,
609 1203 694 1239 quod
712 1203 830 1238 legitur,
851 1204 966 1236 Match„

180 1258 270 1280 xxvii.
287 1250 403 1278 Sciebat
417 1251 536 1286 Pilatus,
555 1259 569 1277 «
584 1250 669 1287 quod
682 1252 805 1287 propter
820 1250 967 1279 invidiam

181 1297 373 1326 tradidissent
395 1306 465 1326 eum
480 1308 493 1324 n
510 1298 621 1326 summi
643 1298 828 1333 sacerdotes,
855 1298 968 1327 scilicet

182 1344 281 1382 ipsum
296 1345 344 1373 Dei
358 1345 456 1373 filium
471 1345 629 1373 Dominum
644 1346 743 1373 Jesum
759 1345 919 1373 Christum.

218 1393 302 1420 Petro
326 1394 354 1420 et
375 1394 489 1420 Joanne
514 1392 710 1428 loquentibus
734 1392 774 1421 ad
798 1393 965 1429 populum,

182 1441 417 1475 supervenerunt
429 1439 599 1467 sacerdotes
614 1441 642 1468 et
656 1439 846 1475 magistratus
862 1440 967 1476 templi

181 1486 397 1523 Sadducaeique
418 1487 568 1522 doleam,
593 1487 677 1523 quod
701 1487 844 1516 docerent
869 1495 968 1524 popu-

182 1533 257 1562 lum.
273 1534 349 1567 Act„
365 1541 404 1570 xv,
423 1535 482 1562 1-2.

221 1581 384 1617 «Princeps
401 1581 437 1618 (a)
454 1581 654 1613 sacerdotum,
668 1583 696 1609 et
710 1589 815 1610 omncs
830 1582 882 1618 qui
897 1590 968 1610 cum

182 1627 235 1656 illo
257 1630 358 1663 erant,
378 1628 513 1657 videntes
536 1628 636 1664 signa,
650 1638 665 1655 ι)
686 1637 753 1664 quoe
776 1636 831 1665 per
849 1631 967 1657 Petrum

182 1675 305 1709 fiebant,
323 1684 338 1702 ι(
351 1675 454 1712 repleti
468 1677 536 1703 sunt
548 1675 623 1710 zelo,
638 1677 666 1703 et
679 1676 846 1711 injecerunt
860 1685 967 1706 manus

183 1722 214 1750 in
230 1722 404 1758 Apostolos,
419 1724 447 1750 et
460 1724 625 1758 posuerunt
642 1731 694 1752 eos
707 1723 739 1751 in
757 1723 893 1753 custodia
912 1733 969 1761 pu-

182 1769 272 1803 blica,
288 1779 302 1796 »
320 1772 375 1797 etc.
392 1769 466 1802 Act„
482 1777 511 1803 v,
525 1771 585 1797 174
595 1771 620 1798 8.

224 1825 237 1842 «
258 1817 418 1845 Audientcs
441 1817 535 1845 verba
555 1816 695 1852 Stephani
720 1817 813 1845 Judaei
840 1817 969 1847 disseca-

184 1866 295 1894 bantur
311 1865 452 1893 cordibus
467 1865 543 1898 suis,
559 1868 588 1893 et
601 1865 767 1893 stridebant
782 1865 921 1893 dentibus
937 1865 969 1894 in

185 1921 254 1941 cum
282 1912 436 1947 dolentes,
468 1912 553 1948 quod
581 1920 643 1940 non
670 1914 809 1948 poterant
833 1913 968 1942 resistere

184 1959 349 1996 sapientiae,
370 1960 398 1988 et
424 1958 539 1995 spiritui
561 1959 613 1995 qui
638 1958 829 1995 loquebatur.
848 1969 862 1986 n
889 1961 969 1995 Act„

185 2015 214 2036 Vl
229 2010 256 2035 et
270 2014 320 2035 vlt.

221 2053 364 2082 Convenit
389 2060 466 2089 pene
487 2052 628 2081 universa
653 2052 754 2080 civitas
776 2053 882 2082 audire
904 2062 969 2082 ver-

185 2102 260 2130 bum
281 2101 349 2136 Dei,
371 2100 455 2137 quod
476 2100 584 2128 Paulus
604 2102 632 2128 et
653 2100 803 2128 Barnabas
824 2101 969 2137 praedica-

186 2149 278 2183 bant;
308 2157 322 2174 «
349 2147 485 2176 videntes
518 2150 618 2175 autem
649 2147 742 2176 Judaei
769 2148 873 2185 repleti
901 2151 970 2177 sunt

187 2196 262 2229 zelo,
276 2205 290 2221 »τ
308 2196 362 2223 etc.
380 2196 454 2228 Act„
470 2203 533 2229 xm,
550 2197 595 2223 45.

223 2244 265 2271 Ex
278 2242 492 2270 Thessalonicae
504 2242 612 2270 Judaeis
621 2243 648 2270 et
659 2242 820 2270 Gentilibus
834 2243 968 2271 credide-

187 2292 256 2319 runt
267 2289 353 2317 multi
367 2289 432 2324 viri,
445 2291 473 2318 et
486 2289 626 2318 mulieres
638 2289 755 2318 nobiles
769 2298 831 2318 non
845 2299 949 2327 paucae
962 2299 969 2318 :

189 2339 316 2367 zelantes
331 2340 430 2367 autem
444 2338 551 2374 Judaei,
568 2338 790 2367 concitaverunt
809 2338 967 2368 civitatem.

189 2387 266 2421 Act„
280 2393 352 2420 xm,
366 2387 423 2414 4-5.

435 2470 579 2505 CAPUT
602 2470 693 2504 XLII
698 2472 721 2504 1.

393 2548 431 2575 De
449 2547 612 2575 correctione
629 2549 764 2582 fraterna.

228 2621 380 2657 Corripere
402 2621 592 2658 proximum,
617 2623 646 2650 et
668 2622 905 2658 reprehendere,
928 2625 972 2652 est

192 2676 268 2705 opus
281 2668 512 2704 misericordi-tm
528 2669 625 2704 unde,
642 2672 804 2706 postquam
819 2671 971 2706 juraverat

191 2716 341 2745 Abraham
353 2715 535 2751 Abimelech,
551 2716 631 2752 quod
645 2716 753 2747 faceret
764 2717 791 2746 ei
806 2717 971 2746 misericor-

1745 227 1804 259 539

1019 299 1113 336 diam,
1128 299 1272 330 continuo
1291 298 1446 336 sequitur:
1468 307 1483 326 α
1496 296 1668 335 Increpavit
1682 295 1803 327 Abime-

1020 347 1098 383 lech,
1113 357 1127 375 η
1146 348 1202 376 etc.
1221 346 1299 383 Gen„
1314 354 1375 382 xxr,
1390 347 1436 375 25.

1055 394 1233 424 charitative
1247 396 1277 423 et
1290 395 1444 423 mansuete
1457 392 1642 430 compescuit
1654 391 1805 421 Abraham

1016 442 1169 479 Jurgium‚
1184 442 1268 480 quod
1290 443 1353 470 erat
1371 441 1447 470 inter
1468 442 1603 478 pastores
1621 439 1740 477 nepotis
1759 438 1806 468 sui

1019 490 1104 524 Loth,
1126 490 1203 523 Gen„
1225 498 1289 518 xm.

1056 538 1183 566 Dulciter
1199 539 1227 566 et
1243 537 1373 573 benigne
1387 536 1563 573 increpabat
1576 535 1649 564 Loth
1669 533 1806 563 Sodomi-

1020 586 1072 621 tis,
1087 586 1155 614 licet
1167 585 1211 613 illi
1229 593 1292 614 non
1306 583 1511 621 acquieverint
1526 583 1563 611 ei.
1581 583 1656 615 Gen„
1672 589 1733 611 xix.

1056 632 1164 661 Ruben
1184 633 1212 661 et
1233 631 1324 661 Judas
1342 631 1583 668 temperaverunt
1600 630 1734 658 furorem
1747 628 1807 657 fra·

1019 681 1099 709 trum
1127 687 1254 708 suorum
1263 700 1273 715 ,
1303 687 1342 708 ne
1375 678 1545 708 occiderent
1576 677 1697 714 ioseph.
1728 677 1805 712 Gen„

1020 735 1131 756 xxxvn.

1056 776 1171 812 Moyses
1186 773 1379 810 injuriantem
1391 772 1548 801 Hebraeum
1559 771 1732 800 charitative
1744 778 1806 800 cor·

1020 822 1126 859 ripuit3
1144 821 1198 851 sed
1212 821 1262 850 ille
1275 829 1331 858 pro
1343 820 1425 849 malo
1439 819 1555 855 habuit,
1570 820 1599 848 et
1611 817 1651 848 a'd
1664 819 1809 855 injuriosa

1021 870 1116 898 verba
1129 869 1277 906 prorupit,
1293 868 1396 904 Exod„
1411 876 1443 904 n,
1458 868 1490 896 14
1508 877 1514 896 :
1535 867 1716 903 «Numquid
1731 865 1809 895 occi-

1023 918 1094 946 dere
1108 925 1157 946 me
1170 918 1202 945 tu
1216 917 1261 944 vis
1271 918 1285 944 ⁶?
1297 926 1311 943 n
1328 917 1383 944 etc.

1057 964 1166 993 Videns
1180 964 1279 993 „tethro
1295 962 1443 1001 populum
1458 964 1663 999 expectantem
1680 961 1809 998 judicari

1021 1020 1075 1050 per
1095 1012 1234 1049 Moysen,
1259 1011 1334 1040 dixit
1354 1010 1382 1039 ei
1404 1020 1410 1039 :
1438 1019 1451 1037 α
1467 1010 1560 1038 Stulto
1578 1009 1683 1038 labore
1705 1017 1810 1038 consu-

1023 1060 1130 1096 meris,
1151 1071 1166 1087 »
1189 1061 1243 1088 etc.
1270 1061 1303 1088 Et
1324 1061 1396 1088 nota
1417 1059 1575 1096 quomodo
1596 1059 1695 1086 tantus
1716 1058 1810 1087 homo

1022 1109 1140 1145 gentilis
1153 1107 1284 1137 hominis
1299 1106 1516 1136 monitionibus
1531 1105 1690 1143 acquievit.
1707 1105 1808 1138 Emod„

1021 1165 1103 1188 xvni,
1120 1157 1167 1184 18.

1058 1203 1181 1232 Phinees
1197 1201 1277 1230 filius
1295 1201 1440 1236 Eleazari,
1461 1202 1490 1229 et
1511 1199 1609 1228 caeteri
1629 1198 1740 1234 nuntii,
1755 1198 1811 1228 fra-

1022 1253 1081 1280 tres
1096 1258 1184 1286 suos,
1201 1250 1254 1287 qui
1272 1249 1494 1278 aedificaverant
1515 1248 1607 1276 altare
1628 1247 1660 1275 in
1681 1247 1808 1276 scanda-

1022 1298 1088 1327 lum
1101 1298 1235 1325 filiorum
1249 1297 1339 1325 Israel
1349 1317 1357 1330 ‚
1373 1296 1498 1324 discrete
1520 1296 1699 1331 arguerunt,
1715 1295 1743 1323 et
1764 1302 1811 1323 sa-

1022 1345 1223 1374 tisfactionem
1233 1343 1427 1372 libentissime
1441 1343 1646 1379 susceperunt,
1656 1343 1673 1370 J
1675 1350 1724 1374 os„
1736 1350 1809 1370 rau.

1059 1393 1199 1421 Miserunt
1217 1391 1338 1419 nuntios
1359 1391 1414 1418 filii
1439 1391 1528 1419 lsrael
1551 1390 1591 1418 ad
1612 1389 1691 1417 filios
1712 1389 1812 1424 BenJ'a-

1023 1440 1099 1475 min,
1114 1439 1166 1476 qui
1182 1439 1341 1467 dixerunt:
1357 1447 1370 1465 <‹
1382 1439 1439 1466 Cur
1451 1439 1566 1466 tantum
1581 1436 1664 1465 nefas
1679 1436 1710 1464 in
1723 1436 1811 1465 vobis

1023 1489 1175 1524 repertum
1190 1487 1254 1514 est?
1269 1485 1385 1513 Tradite
1404 1485 1557 1519 homines,
1574 1484 1626 1520 qui
1650 1484 1707 1511 hoc
1726 1483 1810 1519 ssagi-

1024 1535 1098 1563 tium
1112 1534 1370 1571 perpetraverunt,
1385 1542 1398 1560 »
1415 1534 1471 1560 etc.
1488 1532 1590 1563 Judtr„
1606 1539 1660 1565 xx,
1680 1532 1773 1559 12-13.

1060 1581 1246 1618 increpando
1261 1581 1403 1609 Jonathas
1423 1581 1539 1616 patrem
1559 1586 1647 1606 suum
1667 1577 1736 1606 Saul
1755 1585 1810 1614 pro

1025 1630 1129 1666 iniqua
1153 1628 1358 1665 persecutione
1381 1627 1492 1661 David,
1518 1627 1580 1661 ejus
1611 1625 1757 1653 malitiam
1780 1624 1811 1652 in

1024 1676 1172 1714 principio
1189 1675 1359 1711 aliqualiter
1373 1673 1559 1710 temperavit.
1575 1674 1585 1701 l
1600 1674 1678 1707 ch„
1693 1680 1754 1700 xrx.

1060 1724 1170 1751 Volens
1192 1722 1310 1758 Abigail
1336 1729 1460 1757 arguere
1486 1721 1586 1749 virum
1611 1728 1698 1747 suum
1722 1727 1812 1755 super

1026 1771 1153 1805 duritia,
1168 1778 1262 1806 quam
1277 1769 1448 1797 ostenderat
1466 1768 1577 1796 nuntiis
1592 1767 1701 1801 David,
1716 1766 1813 1794 noluit

1026 1819 1052 1846 ei
1068 1817 1185 1854 aliquid
1201 1817 1299 1845 dicere
1314 1816 1411 1844 statim
1426 1817 1493 1852 post
1508 1815 1681 1852 prandium,
1697 1813 1750 1841 sed
1765 1821 1812 1842 ex-

1024 1866 1153 1902 pectavit
1167 1867 1286 1900 tempus
1297 1865 1524 1900 sopportunum,
1542 1862 1653 1890 scilicet
1670 1869 1765 1897 usque
1781 1861 1812 1889 in

1025 1913 1196 1947 crastinum,
1214 1920 1283 1940 cum
1299 1911 1403 1940 vinum
1417 1911 1500 1947 prius
1524 1910 1654 1938 bibitum
1674 1909 1812 1945 digessis-

1025 1963 1078 1989 set.
1095 1962 1105 1989 1
1120 1962 1198 1994 Req„
1213 1966 1282 1987 xxv.

1061 2008 1160 2036 Abner
1175 2007 1251 2034 bene
1265 2004 1408 2040 arguebat
1423 2003 1518 2037 Asael,
1535 2003 1608 2039 quia
1622 2002 1711 2031 nimis
1727 2010 1812 2038 urge-

1026 2055 1079 2083 bat
1107 2052 1321 2090 persequendo
1348 2060 1431 2086 eum3
1459 2051 1512 2078 sed
1537 2051 1587 2078 ille
1613 2051 1716 2078 audire
1741 2058 1810 2078 con-

1025 2101 1161 2137 tempsit,
1177 2102 1206 2128 et
1220 2100 1341 2136 propter
1358 2099 1417 2126 hoc
1437 2097 1551 2125 occisus
1566 2097 1630 2125 suit.
1647 2099 1668 2126 It
1684 2099 1763 2133 Ray„
1777 2105 1808 2125 11.

1062 2150 1135 2177 Nota
1153 2155 1247 2184 quam
1266 2146 1392 2174 discrete
1413 2145 1509 2180 arguit
1530 2145 1645 2172 Nathan
1662 2145 1810 2181 propheta

1027 2195 1135 2230 David,
1162 2203 1231 2221 cum
1254 2195 1405 2230 peccasset
1431 2192 1613 2220 adulterium
1637 2194 1665 2220 et
1687 2191 1810 2219 homici-

1027 2243 1111 2271 dium
1127 2241 1353 2275 committendo,
1368 2242 1387 2268 tt
1404 2241 1480 2274 Rea„
1495 2247 1534 2267 xli
1551 2249 1557 2267 :
1573 2247 1636 2266 non
1651 2239 1731 2266 enim
1742 2247 1810 2266 curn

1026 2290 1126 2318 furore
1135 2288 1208 2317 dixit
1221 2297 1228 2316 z
1246 2287 1371 2316 Pessime
1382 2286 1491 2321 fecisti;
1508 2286 1561 2314 sed
1572 2288 1723 2322 assumpta
1734 2286 1812 2313 simi-

1026 2337 1152 2366 litudine
1175 2343 1327 2372 congrua,
1349 2333 1524 2370 illaqueavit
1548 2342 1617 2362 eum
1632 2334 1732 2362 verbis
1752 2333 1811 2362 oris

1027 2386 1083 2414 sui.

1063 2434 1136 2462 Cum
1156 2438 1267 2467 magno
1289 2429 1353 2458 zelo
1374 2429 1472 2465 arguit
1494 2429 1573 2457 Elias
1594 2428 1742 2466 populum
1765 2433 1810 2457 er-v

1026 2483 1152 2514 tantem,
1168 2479 1269 2506 dicens
1287 2486 1294 2505 :
1313 2487 1328 2503 «
1342 2477 1370 2505 Si
1386 2477 1527 2504 Dominus
1546 2479 1589 2504 est
1608 2478 1694 2511 Deus,
1708 2476 1810 2513 sequi-

1027 2528 1099 2557 mini
1114 2535 1194 2560 eum,
1211 2535 1225 2552 »
1243 2526 1296 2553 ete.
1313 2525 1347 2552 111
1360 2526 1438 2559 Req„
1454 2532 1536 2558 xvnr,
1552 2525 1598 2551 21.

1063 2572 1293 2611 Reprehendens
1311 2571 1424 2604 Achab,
1438 2579 1542 2607 regem
1558 2571 1663 2606 lsrael,
1678 2570 1724 2599 vir
1739 2571 1810 2607 qui-

1027 2623 1099 2651 dam
1112 2622 1149 2651 de
1164 2619 1233 2648 filiis
1247 2618 1475 2655 prophetarum,
1490 2618 1647 2654 proposuit
1662 2617 1688 2646 ei
1703 2617 1808 2646 simili-

1061 2722 1095 2754 (τι)
1111 2722 1172 2746 Caet.
1189 2719 1249 2744 edit.
1264 2718 1402 2749 Principes.
