2004 3037
845 264 976 303 CAPUT
996 263 1131 305 xxxvi.

148 347 151 350 ’
167 349 268 372 xxxix.
284 342 356 371 Item
367 348 439 378 erga
447 333 636 371 Pharaonem
648 339 682 368 in
690 337 816 368 consilio
829 337 914 375 quod
922 339 949 368 ei

167 389 265 427 dedit,
285 391 313 420 et
332 389 364 418 in
383 388 549 419 ministerio
567 386 653 425 quod
669 386 695 416 ei
711 385 855 422 exhibuit,
869 386 948 422 Gen„

164 445 224 466 xu.

201 484 306 514 Rahab
321 484 461 513 meretrix
475 483 604 512 fideliter
619 482 678 519 egit
692 489 762 511 cum
776 481 948 518 explorato-

164 533 248 562 ribus
264 541 341 570 quos
355 533 477 561 miserat
490 534 590 566 Josue,
604 532 672 564 JOS„
689 539 720 560 11.
736 533 769 559 Et
781 531 844 567 ipse
860 532 948 559 Josue

166 580 224 616 egit
237 582 342 617 postea
355 580 484 608 fideliter
499 588 568 608 cum
583 579 706 614 eadem,
720 579 814 614 Josue,
828 586 868 616 vi.

201 627 342 662 Quamvis
356 627 527 656 Gabaonitae
536 626 707 654 fefellissent
717 627 805 654 Josue
829 627 857 654 et
870 624 949 653 filios

165 676 273 711 Israel,
286 678 387 703 tamen
398 675 569 710 juramenta
590 676 618 702 et
637 675 726 711 pacta
749 673 790 701 eis
811 681 949 701 servave-

164 724 248 757 runt,
264 724 292 751 et
305 731 358 751 eos
372 724 476 759 postea
490 723 595 751 contra
608 721 707 751 hostes
721 721 850 751 fideliter
863 721 951 757 adju·

146 785 148 789 ν
163 772 288 805 verunt,
303 771 394 806 Jostte,
410 777 439 798 1x
452 772 479 798 et
493 778 521 798 x.

200 817 340 846 Fideliter
354 818 498 846 indicavit
513 817 606 845 David
618 817 758 845 Jonathas
769 817 845 845 iram
856 816 950 853 patris
990 824 994 828 ⁴

164 865 228 901 sui,
245 867 274 894 et
299 865 397 902 ipsum
426 867 573 902 quantum
598 865 696 901 potuit
724 864 894 901 excusavit,
922 866 951 894 et

164 915 268 949 postea
284 913 477 948 confortavit,
493 914 595 948 1Req.,
610 920 659 941 xx.

201 960 303 988 Occiso
319 962 403 996 patre
417 960 561 989 Abiathar
581 959 738 988 occasione
753 959 863 996 David,
874 958 950 988 dixit

165 1007 192 1036 ei
207 1008 270 1045 ipse
293 1008 388 1036 David
404 1017 411 1037 :
430 1018 445 1035 ι(
461 1010 522 1044 Ego
545 1017 613 1036 sum
632 1016 701 1036 reus
722 1007 858 1036 omnium
882 1006 948 1036 ani-

164 1063 283 1084 marum
297 1055 391 1092 patris
406 1055 457 1084 tui.
476 1057 560 1084 Mane
574 1063 711 1091 mecum,
727 1063 765 1083 ne
780 1055 885 1083 timeas
901 1063 908 1084 :
924 1054 948 1083 si

164 1103 232 1140 quis
252 1103 402 1140 quaesierit
425 1102 557 1131 animam
578 1111 697 1138 meam,
713 1104 825 1139 quaeret
840 1105 867 1130 et
882 1102 947 1130 ani-

163 1158 247 1179 mam
273 1152 374 1187 tuam,
399 1158 578 1188 mecumque
603 1150 780 1180 servaberis.
797 1161 810 1177 »
834 1151 846 1179 1
869 1151 948 1187 Rey„

163 1206 224 1227 xxii
232 1220 241 1235 ,
254 1199 354 1227 22-23.

199 1246 298 1275 Noluit
312 1246 409 1274 David
418 1248 573 1283 percutere
587 1246 746 1274 dominum
760 1253 851 1274 suum
858 1266 868 1281 ,
881 1245 951 1274 licet

163 1293 279 1321 malum
294 1295 322 1322 et
336 1295 565 1330 persequentem
579 1302 665 1329 eum,
690 1302 759 1322 cum
777 1294 898 1329 tamen,
923 1293 947 1322 si

162 1340 314 1376 voluisset,
326 1341 372 1369 bis
386 1350 456 1370 eum
470 1341 607 1371 occidere
621 1341 766 1378 potuisset
776 1363 783 1370 .
800 1342 810 1370 1
823 1342 948 1377 Regum,

162 1397 233 1418 xxrv
248 1391 276 1417 et
289 1396 370 1418 xxw.

198 1437 338 1472 Magnum
351 1436 503 1465 fidelitatis
525 1437 645 1473 signum
671 1436 743 1471 fuit,
764 1437 834 1466 licet
854 1437 948 1465 indis

162 1486 239 1513 crete
253 1485 346 1520 egerit
367 1484 498 1521 armiger
520 1484 609 1520 Saul,
626 1484 750 1521 quando
767 1484 874 1512 videns
892 1484 947 1512 do-

162 1532 279 1560 minum
294 1540 383 1560 suum
404 1534 662 1567 esse,mortuum‚
685 1531 782 1560 noluit
802 1532 881 1560 ultra
904 1531 948 1560 vi-

162 1587 244 1615 vere,
255 1579 309 1608 sed
326 1589 340 1606 α
351 1579 436 1608 irruit
449 1588 538 1616 super
555 1579 690 1615 gladium
705 1588 812 1614 suum,
828 1581 856 1608 et
866 1588 947 1608 mor-

162 1627 231 1654 tuus
245 1628 288 1655 est
307 1635 375 1655 cum
394 1635 441 1655 eo.
457 1626 564 1661 »Quid
589 1635 660 1663 ergo
681 1627 828 1655 debemus
850 1626 947 1656 facere

162 1682 218 1710 pro
233 1674 360 1703 Domino
376 1674 541 1702 crucifixo?
556 1676 566 1703 I
580 1676 659 1710 Req„
673 1683 765 1710 xxm,
782 1676 808 1702 5.

197 1722 257 1750 Viri
279 1723 368 1751 Jabes
388 1722 500 1751 Galaad
517 1722 645 1751 fideliter
663 1731 694 1751 se
715 1723 886 1752 habuerunt
907 1722 947 1751 ad

161 1770 231 1798 Saul
246 1770 405 1798 dominum
425 1778 514 1798 suum
528 1770 598 1798 licet
618 1770 733 1800 malum
743 1792 753 1807 ,
777 1771 948 1800 reverenter

161 1817 338 1854 sepelientes
352 1826 432 1846 eum.
449 1818 459 1846 1
473 1819 550 1853 Req„
566 1826 648 1846 mi.

198 1866 279 1894 Urias
294 1866 428 1894 Hethaeus
443 1865 565 1893 nolebat
580 1874 643 1893 esse
665 1865 696 1893 in
713 1865 836 1900 deliciis,
853 1874 947 1902 quan-

162 1912 214 1940 diu
228 1913 302 1940 Joab
325 1912 465 1941 dominus
487 1921 558 1941 suus
576 1912 735 1942 laborabat
749 1913 779 1941 in
804 1914 943 1944 exercitu.

162 1960 184 1988 ll
197 1960 276 1994 Req„
291 1967 333 1988 Χι-

197 2008 326 2035 Instante
341 2005 478 2042 captione
487 2006 612 2034 civitatis
624 2007 775 2042 Rabbath,
786 2016 879 2044 quam
893 2008 946 2036 diu

161 2053 322 2082 obsederat
335 2054 427 2089 Joab,
443 2053 523 2082 misit
543 2054 583 2082 ad
601 2054 713 2089 David,
735 2056 767 2082 ut
785 2055 899 2083 veniret
917 2057 945 2083 et

160 2100 243 2129 illam
258 2103 390 2137 caperet,
406 2103 438 2129 ut
453 2101 578 2129 domino
597 2109 671 2137 suo,
693 2109 756 2131 non
775 2102 832 2131 sibi
846 2102 945 2132 honor

159 2149 289 2176 victoriae
304 2148 477 2176 deferretur.
496 2149 517 2176 Il
532 2150 610 2184 Req„
622 2157 676 2177 xu-

195 2197 269 2224 Cum
292 2196 407 2231 sugeret
429 2195 524 2224 David
545 2204 563 2224 a
585 2196 661 2225 facie
684 2196 845 2232 Absalom,
869 2196 943 2225 dixit

158 2242 202 2271 illi
225 2243 306 2271 Ethai
323 2251 330 2271 :
349 2243 454 2271 «Vivit
476 2243 637 2279 Dominus,
659 2245 688 2272 et
708 2244 781 2272 vivit
802 2243 944 2272 dominus

159 2299 243 2318 meus
258 2299 326 2326 rex,
343 2290 488 2327 quoniam
498 2291 528 2318 in
544 2299 738 2327 quocumque
756 2291 824 2319 loco
840 2291 941 2327 fueris,

159 2337 281 2366 domine
296 2337 337 2366 mi
352 2346 424 2372 rex,
439 2338 501 2366 sive
516 2338 547 2366 in
560 2341 666 2374 morte,
684 2339 746 2367 sive
762 2339 793 2367 in
811 2339 882 2374 vita,
898 2338 941 2367 ibi

159 2385 213 2413 erit
227 2394 329 2414 servus
344 2388 421 2413 tuus.
438 2395 451 2412 »
465 2386 487 2413 ll
502 2387 580 2420 Rege„
596 2393 645 2421 xv,
659 2387 708 2414 ⁶21.

193 2433 354 2461 Noluerunt
368 2432 423 2460 viri
440 2432 552 2467 David,
578 2433 664 2469 quod
686 2432 750 2469 ipse
766 2433 858 2461 exiret
873 2441 941 2461 cum

159 2479 201 2507 eis
216 2480 255 2508 ad
269 2480 405 2516 praelium
421 2479 570 2507 dicentes:
591 2489 605 2506 α
618 2482 660 2508 Tu
674 2488 753 2508 unus
768 2489 823 2517 pro
838 2481 942 2509 decem

159 2526 293 2554 millibus
307 2528 419 2563 putaris
438 2527 485 2564 (a).
500 2537 514 2554 >³
539 2528 570 2555 In
590 2535 651 2563 quo
673 2521 828 2564 apparuit,
858 2528 942 2564 quod

159 2573 285 2602 fideliter
298 2575 463 2610 diligebant
477 2583 556 2603 eum.
569 2576 591 2603 11
609 2575 686 2610 Rea„
698 2584 786 2611 xvui,
801 2578 828 2604 1.
845 2577 941 2611 Item,

160 2629 226 2656 xxi,
240 2623 274 2650 17
291 2631 297 2650 ε
316 2632 330 2648 «
343 2624 520 2652 Juraverunt
535 2623 666 2651 dicentes
680 2633 687 2652 ;
701 2625 766 2652 ,Iam
781 2632 842 2652 non
859 2631 942 2660 egre-

160 2669 250 2697 dieris
264 2669 421 2699 nobiscum
435 2671 475 2701 ad
489 2671 625 2708 praelium
635 2693 644 2707 ,
663 2679 701 2700 ne
718 2672 874 2709 extinguas
892 2671 940 2699 lu-

160 2725 281 2746 cernam
295 2717 394 2746 Israel.
403 2728 416 2744 »

197 2766 353 2801 separatus
367 2768 411 2795 est
430 2766 527 2796 omnis
541 2766 630 2796 lsrael
648 2774 666 2796 a
679 2767 772 2797 David
782 2788 791 2803 ‚
807 2769 940 2797 secutus-

1728 283 1781 314 531

1004 346 1065 376 que
1081 342 1124 370 est
1141 341 1219 371 Seba
1231 341 1330 372 filium
1343 343 1465 381 Bochri;
1487 354 1502 373 α
1515 345 1572 375 viri
1592 348 1693 378 autem
1710 350 1788 381 Juda

1005 387 1193 418 adhaeserunt
1206 389 1270 426 regi
1285 397 1374 427 suo,»
1389 392 1535 429 tanquam
1544 393 1649 424 fideles
1663 397 1785 436 scilicet,

1004 436 1033 463 ct
1047 437 1226 465 constanteS.
1241 438 1264 466 11
1278 438 1356 473 Re9.,
1371 446 1429 475 xx,
1443 441 1471 469 2.

1039 483 1108 511 Tres
1136 483 1192 512 viri
1216 484 1415 514 robustissimi
1440 487 1569 517 fideliter
1592 489 1788 523 defenderant

1005 529 1100 558 David
1120 533 1307 568 pugnantem
1321 535 1425 562 contra
1443 535 1615 574 Philistiim,
1632 540 1659 568 et
1683 541 1789 570 attule-

987 587 990 589 ’
1004 580 1074 606 runt
1089 578 1115 606 ei
1130 578 1167 607 de
1181 587 1262 616 aqua
1276 580 1408 610 cisternae
1423 583 1603 620 Bethlehem,
1614 594 1707 622 quam
1719 596 1789 618 cum

1005 623 1156 654 desiderio
1171 635 1284 663 magno
1299 629 1432 665 petierat.
1449 632 1611 669 lParalz’p„
1626 642 1664 663 xi.

1039 673 1132 701 Valde
1145 673 1274 704 fideliter
1288 676 1347 711 egit
1360 677 1466 706 Joiada
1480 680 1614 715 pontif-:x
1637 690 1706 711 cum
1719 684 1790 712 Joas

1004 719 1068 749 filio
1091 721 1193 749 Joram
1207 722 1286 758 regis
1304 723 1397 759 Juda,
1416 727 1452 754 IV
1465 727 1541 761 neq„
1558 736 1606 763 xr,
1624 728 1693 758 licet
1709 732 1788 760 male

1003 769 1213 804 recognoverIt
1227 771 1342 806 postea.
1358 773 1379 800 ll
1390 773 1531 810 Paralip„
1546 783 1629 804 xx1v.

1041 816 1130 845 Onias
1145 825 1281 846 summus
1293 819 1445 855 pontifex,
1461 823 1489 849 et
1502 821 1552 850 alii
1564 824 1734 853 sacerdotes
1749 825 1791 856 la-

1004 863 1189 894 boraverunt
1211 866 1340 895 fideliter
1363 868 1526 898 viduarum
1547 878 1582 900 ac
1601 873 1788 910 pupillorum

1005 910 1141 948 deposita
1156 914 1315 943 custodire.
1332 915 1354 943 11
1369 917 1506 952 Machab„
1522 925 1566 947 111.

1041 960 1239 989 Commendat
1257 962 1400 991 Dominus
1419 964 1595 994 fidelitatem
1615 975 1788 1006 servorum,

1005 1006 1059 1043 qui
1073 1007 1348 1045 multiplicaverunt
1361 1011 1473 1042 talenta
1485 1012 1542 1042 sibi
1556 1015 1673 1045 tradita.
1690 1017 1790 1053 Matt.‚

990 1061 1078 1091 xxv,
1093 1056 1172 1089 Luc„
1184 1064 1247 1085 Xix.

1041 1102 1116 1130 Cum
1137 1103 1232 1132 multa
1245 1103 1388 1134 fidelitate
1403 1108 1431 1135 et
1446 1107 1625 1138 discretione
1644 1119 1789 1147 procura-

1004 1149 1057 1178 bat
1084 1150 1193 1179 Paulus
1221 1151 1287 1180 fieri
1319 1154 1458 1184 collectas
1485 1164 1541 1193 pro
1565 1159 1789 1190 necessitatibus

1004 1205 1175 1234 pauperum
1189 1198 1228 1228 de
1243 1199 1354 1230 Judaea.
1369 1201 1381 1229 l
1397 1202 1471 1238 Cor„
1487 1211 1557 1240 xvr3
1574 1205 1596 1234 11
1614 1206 1686 1240 Cor„
1700 1215 1742 1237 lx.

1041 1244 1156 1274 Fideles
1182 1247 1212 1274 et
1235 1247 1412 1278 affectuosas
1433 1250 1545 1280 litteras
1569 1253 1649 1282 misit
1675 1255 1791 1284 Paulus

1002 1291 1170 1321 Philemoni
1183 1301 1239 1330 pro
1254 1294 1393 1325 Onesimo
1409 1305 1496 1327 servo
1512 1299 1575 1335 ejus
1587 1299 1725 1336 fugitivo.

1041 1339 1204 1369 Discretum
1220 1343 1249 1370 et
1260 1341 1350 1371 fidele
1365 1345 1524 1374 consilium
1536 1346 1684 1378 dederunt
1696 1350 1788 1380 Paulo

1005 1386 1130 1423 quidam
1145 1388 1182 1416 de
1194 1389 1268 1418 Asiae
1277 1390 1481 1429 principibus,
1494 1398 1634 1430 rogantes
1647 1405 1717 1427 eum
1731 1406 1790 1427 «ne

1004 1442 1035 1462 se
1050 1434 1156 1465 daret'
1148 1443 1180 1465 111
1193 1437 1382 1467 theatrum.»
1398 1440 1463 1469 Act.
1466 1450 1560 1478 ,x1x,
1578 1444 1624 1472 31.

1230 1533 1374 1569 CAPUT
1401 1535 1559 1574 XXXVI.

1058 1605 1096 1632 De
1114 1607 1352 1644 contemplatione,
1376 1611 1403 1637 et
1420 1612 1518 1639 mentis
1535 1611 1730 1642 illustratione.

1039 1674 1201 1710 Postquam
1224 1676 1315 1705 exivit
1339 1677 1493 1707 Abraham
1516 1679 1554 1708 de
1572 1682 1609 1711 Ur
1631 1682 1788 1714 Chaldaeo-

1003 1728 1088 1757 rum,
1104 1722 1210 1751 crebro
1226 1724 1364 1760 apparuit
1379 1725 1405 1753 ei
1424 1727 1585 1765 DominUS,
1610 1732 1638 1759 et
1658 1739 1728 1760 eum
1743 1732 1788 1761 di-

1003 1769 1096 1797 versis
1117 1770 1354 1802 revelationibus
1379 1773 1518 1805 visitavit.
1542 1776 1621 1814 Gen„
1640 1787 1698 1816 xu,
1713 1788 1787 1816 xm,

1002 1824 1054 1853 xv,
1069 1825 1152 1846 xvm.

1043 1874 1058 1891 «
1081 1867 1225 1901 Apparuit
1251 1867 1395 1897 Dominus
1423 1870 1549 1899 Abrahae
1586 1872 1617 1901 in
1650 1875 1787 1905 convalle

1002 1912 1134 1941 Mambre
1145 1914 1277 1942 sedenti*
1270 1923 1301 1942 1n
1313 1916 1388 1945 ostio
1399 1917 1583 1948 tabernaculi
1594 1921 1638 1949 sui
1650 1932 1663 1949 11
1678 1922 1709 1950 111
1720 1923 1786 1960 ipso

1007 1968 1020 1986 «
1034 1959 1191 1997 fervore(b
1196 1961 1203 1997 )
1228 1962 1307 1998 diei,
1322 1973 1336 1990 11
1355 1965 1408 1992 etc
1430 1966 1535 1995 Totum
1559 1969 1656 2004 potest
1675 1971 1786 2007 exponi

1003 2005 1041 2034 de
1056 2007 1299 2044 contemplativo.
1318 2010 1395 2046 Gen„
1409 2019 1495 2048 xvur,
1515 2015 1540 2041 l.

1038 2054 1196 2083 Habitabat
1211 2057 1290 2084 Isaac
1306 2056 1337 2084 in
1354 2059 1431 2087 teria
1448 2060 1590 2097 australi,
1614 2064 1642 2091 et
1659 2073 1672 2090 α
1687 2072 1787 2100 egres-

1001 2108 1051 2128 sus
1071 2101 1166 2129 fuerat
1191 2103 1231 2131 ad
1253 2104 1465 2134 meditandum
1488 2107 1519 2135 in
1545 2117 1638 2146 agr03
1655 2120 1668 2138 n
1685 2112 1787 2142 relicta

1002 2148 1082 2176 enim
1094 2149 1254 2178 familiam
1270 2151 1383 2188 domo,
1399 2154 1585 2185 meditationi
1604 2166 1711 2189 vacare
1726 2168 1784 2190 vo-

1000 2194 1091 2224 lebat.
1109 2196 1186 2232 Gen„
1202 2206 1284 2234 xxiv,
1302 2201 1350 2227 63.

1041 2253 1053 2268 «
1068 2244 1171 2271 Factus
1188 2247 1230 2272 est
1245 2247 1323 2274 Esau
1337 2247 1382 2275 vir
1395 2256 1506 2284 gnarus
1520 2253 1671 2290 venandi,
1687 2257 1715 2283 et
1728 2255 1783 2285 ho-

1000 2297 1051 2318 mo
1067 2291 1197 2326 agricola
1207 2302 1216 2327 ;
1233 2294 1324 2321 Jacob
1345 2297 1444 2323 autem
1461 2297 1508 2325 tir
1526 2298 1654 2336 simplex
1668 2301 1784 2333 habita-

1000 2336 1052 2366 bat
1067 2338 1097 2365 in
1111 2339 1324 2369 tabernaculis.
1340 2352 1353 2368 »
1374 2343 1451 2379 Gen„
1463 2352 1533 2381 xxv,
1549 2347 1593 2375 ⁶27.

1040 2394 1053 2411 κ
1066 2386 1204 2421 Egressus
1217 2388 1309 2416 Jacob
1327 2389 1363 2417 de
1379 2391 1544 2429 Bersabee,
1567 2396 1710 2431 pergebat
1728 2398 1783 2428 Ha·
1819 2420 1821 2422 -

998 2439 1062 2460 ran.
1080 2434 1214 2470 Cumque
1234 2436 1316 2463 venis
1319 2439 1361 2465 set
1382 2438 1421 2466 ad
1439 2441 1602 2475 quemdam
1619 2443 1738 2479 locum,
1755 2448 1783 2474 et

999 2480 1110 2507 vellet
1103 2489 1134 2508 111
1153 2489 1188 2509 eo
1209 2483 1394 2519 requiesceie
1413 2489 1481 2522 post
1497 2488 1568 2516 solis
1588 2491 1779 2528 occubitum,

1000 2527 1064 2555 tulit
1079 2528 1115 2555 de
1139 2528 1292 2565 lapidibus
1314 2531 1365 2567 qui
1384 2533 1542 2570 jacebant,
1562 2538 1590 2564 et
1609 2546 1782 2574 supponens

999 2574 1088 2610 capiti
1103 2583 1178 2611 suo,
1204 2576 1346 2606 dormivit
1364 2578 1395 2608 in
1414 2581 1522 2609 eodem
1537 2582 1624 2619 loco,
1647 2585 1781 2623 viditque

997 2621 1029 2650 in
1043 2622 1155 2650 somnis
1171 2623 1282 2652 scalam
1300 2627 1427 2656 stantem
1443 2636 1534 2665 super
1550 2632 1699 2661 terram.»
1722 2636 1778 2663 etc.

1001 2669 1310 2707 Gen„xxv111,1o-11.

1029 2772 1062 2803 (a)
1080 2771 1153 2802 Vulq.
1169 2772 1368 2803 computaris.—
1383 2773 1415 2805 (b)
1433 2774 1494 2799 Coet.
1509 2776 1570 2802 edit.
1585 2780 1743 2809 posteriore.
