2004 3037
612 249 662 282 DE
683 246 842 287 QUARTO
867 245 1038 279 lTlNERE.
1061 245 1161 279 DlST.
1185 246 1237 279 lv.
1261 246 1352 278 ART.
1376 245 1414 278 ll.

208 315 247 343 de
263 315 439 344 venialibus.
457 316 541 346 Ratio
555 316 645 353 hujus
658 315 735 353 signi
754 317 811 351 est,
826 315 897 352 quia
911 314 986 343 sicut

208 361 334 390 charitas
357 363 518 400 opponitur
536 365 658 400 peccato
679 362 811 398 mortali,
826 362 866 391 ita
885 362 985 390 fervor

208 409 356 438 charitatis
374 410 535 446 opponitur
554 410 679 444 veniali,
695 411 727 438 ut
744 409 842 446 ipsum
858 408 985 445 expellat

208 455 246 484 ab
270 455 389 491 anima,
412 464 450 484 ne
473 456 591 493 Spiritui
612 458 713 485 sancto
737 455 908 492 displiceat,
933 455 984 491 qui

207 509 311 530 omnes
325 502 459 531 officinas
473 503 580 532 mentis
600 504 697 532 visitat
710 505 738 531 et
751 501 885 531 mundat.
902 502 984 530 Unde

207 549 426 586 Gregorius,·in
443 551 610 586 litoralibus,
629 553 657 579 et
670 550 853 585 BernarduS,
869 550 900 578 in
923 559 984 579 ser-

206 604 295 625 mone
310 597 343 625 de
358 599 507 625 Pentecoste
521 597 541 632 ¹,
558 597 660 626 dicunt
677 606 683 625 :
703 607 716 625 «
731 597 854 634 Spiritus
868 599 984 626 sanetus

204 643 337 679 profecto
351 646 463 678 monet,
477 645 588 679 movet,
604 646 632 672 et
646 645 742 673 docet.
761 646 857 674 Monet
871 653 984 673 memo-

205 689 297 725 riam,
312 691 413 718 movet
436 690 637 727 voluntatem,
661 693 689 720 et
713 692 800 720 docet
822 691 981 728 rationem,

205 744 260 764 nec
281 736 437 764 minimam
451 738 565 774 peccati
579 738 698 774 paleam
718 738 795 767 intra
817 738 853 776 (a)
874 738 983 774 cordis,

205 784 289 820 quod
307 784 453 820 possidet,
475 785 697 820 habitaculum,
712 786 820 822 patitur
842 786 982 821 residere,

205 830 258 858 sed
276 831 373 859 statim
398 831 466 867 igne
494 832 692 861 subtilissimae
713 833 983 869 circumspectionis

205 877 307 906 exurit.
321 888 335 904 ι)
348 880 412 906 Haec
425 878 487 907 ille.
499 880 537 907 De
549 887 609 916 quo
620 879 688 915 igne
700 880 883 916 Ambrosius,
895 888 984 916 super

203 923 279 952 illud
291 926 320 953 ²:
339 926 406 953 Veni
419 927 508 960 ignem
526 928 649 962 mittere,
672 926 743 954 dicit
757 927 798 955 sic
817 928 826 944 ³
843 936 850 955 :
874 937 887 953 a
912 927 984 955 Dicit

203 973 300 1006 ignem,
317 972 389 1008 quia
402 980 493 1001 aurea
511 981 583 1001 vasa
595 973 752 1002 dominicae
763 974 870 1002 domus
881 974 983 1002 melio-

202 1021 261 1054 rat,
273 1019 385 1048 foenum
399 1028 472 1048 vero
488 1020 635 1048 consumit
649 1022 677 1048 et
691 1021 839 1057 stipulam.
856 1032 869 1048 »
887 1024 983 1050 Aurea

201 1074 273 1095 vasa
288 1068 356 1095 sunt
369 1067 475 1094 animae
489 1067 529 1094 ad
547 1067 708 1102 imaginem
721 1068 769 1095 Dei
784 1068 866 1096 sactae
880 1076 983 1096 secun-

203 1113 276 1141 dum
287 1115 345 1142 tres
358 1113 517 1150 potentias,
531 1114 696 1142 secundum
711 1123 785 1150 quas
799 1122 922 1151 capaces
933 1116 982 1143 Dei

203 1162 279 1196 sunt,
295 1162 328 1188 ut
342 1161 413 1188 dicit
424 1161 601 1196 Augustinus
614 1169 664 1189 mv
681 1163 709 1189 et
728 1170 764 1190 xv
782 1162 814 1189 de
829 1163 964 1190 Trinitatc
972 1184 981 1198 ‚

203 1215 277 1243 quas
293 1208 369 1243 ignis
387 1209 533 1237 eharitatis
550 1209 673 1237 innovat
684 1211 711 1237 et
722 1209 846 1246 perficit,
867 1213 894 1238 et
911 1218 978 1247 pec-

203 1256 267 1283 cata
281 1255 489 1290 deformantIa,
500 1258 561 1284 tam
571 1257 697 1292 maJ'ora,
710 1265 801 1293 quam
811 1257 939 1293 minora,
950 1257 983 1285 li-

203 1302 374 1338 quescendo
397 1303 432 1339 (b)
460 1303 615 1331 consumit.
637 1305 710 1332 Cum
732 1304 821 1339 igitur
841 1305 981 1341 frequens

203 1349 379 1378 examinatio
394 1351 579 1379 conscientiae
599 1351 635 1378 sit
655 1359 672 1378 a
691 1351 798 1387 Spiritu
813 1354 913 1380 sancto
927 1361 980 1388 per

201 1396 349 1424 fervorem
371 1397 534 1433 charitatis,
556 1398 682 1434 planum
702 1400 744 1426 est
761 1398 832 1435 quia
851 1399 916 1435 ipsa
939 1401 981 1426 θεῖ

202 1444 321 1479 signum
334 1444 481 1472 roboratae
496 1445 658 1480 eharitatis,
683 1453 749 1481 quae
770 1445 865 1481 operit
880 1446 979 1473 multi-

201 1490 336 1519 tudinem
349 1493 550 1527 peccatorum.

237 1538 406 1566 Secundum
420 1538 538 1573 signum
562 1538 743 1574 proficientis
762 1539 910 1567 charitatis
930 1547 980 1567 ro*

201 1586 329 1619 horatae,
356 1587 397 1613 est
425 1585 670 1621 concupiscentiae
698 1585 866 1614 diminutio.
896 1587 979 1615 Ratio

200 1632 288 1667 hujus
310 1632 386 1668 signi
410 1635 470 1667 cst,
487 1633 558 1668 quia
572 1634 684 1668 quanto
706 1633 830 1661 charitas
853 1633 980 1669 diligens

201 1680 293 1706 Deum
314 1679 409 1715 magis
428 1681 656 1715 augmentatur,
673 1681 752 1708 tanto
772 1680 866 1715 magis
887 1680 978 1708 homo

200 1734 218 1753 a
243 1726 479 1762 concupiscentia
504 1727 716 1763 temporalium
743 1727 917 1762 elongatur,
944 1736 980 1755 cx

200 1781 261 1809 quo
275 1773 340 1809 ipsa
354 1773 591 1810 concupiscentia
613 1773 643 1801 in
664 1775 778 1801 tantum
794 1774 978 1802 diminuitur.

200 1820 280 1848 Unde
304 1821 482 1856 Augustinus
512 1821 543 1848 in
568 1821 735 1849 Enchiridio
757 1821 827 1849 dicit
841 1822 871 1856 ¹⁶,
896 1822 979 1858 quod

203 1877 216 1892 «
231 1867 374 1894 minuitur
389 1867 627 1903 concupiscentia
638 1889 646 1902 ,
663 1870 809 1895 crescente
828 1868 976 1903 charitate,

200 1914 296 1942 donee
309 1914 408 1941 veniat
423 1914 461 1941 ad
472 1914 720 1949 magnitudinem,
733 1923 792 1950 qua
804 1915 900 1950 major
917 1923 978 1943 esse

199 1969 261 1989 non
276 1961 406 1997 possit.»
431 1961 484 1988 Ubi
506 1963 604 1988 autem
627 1969 688 1989 non
711 1963 753 1989 est
776 1961 919 1997 charitas,
936 1962 978 1990 ibi

199 2010 301 2043 regnat
337 2007 482 2044 cupiditas
507 2017 513 2035 :
541 2009 645 2043 regnat
676 2010 775 2036 autem
808 2009 953 2044 cupiditas
969 2031 977 2044 ,

201 2055 322 2091 quaudo
354 2054 537 2083 desiderium
560 2055 622 2082 veri
647 2056 675 2082 et
700 2054 773 2082 honi
796 2055 925 2091 expellit,
952 2058 978 2084 et

200 2110 347 2139 saporem.

235 2149 362 2177 Tertium
391 2149 511 2184 signum
545 2147 693 2176 charitatis
722 2148 902 2184 proficientis
935 2152 978 2177 est

199 2204 340 2224 sensuum
362 2196 553 2230 interiorum,
569 2195 630 2223 sive
650 2195 862 2231 spiritualium,
882 2197 977 2225 vitalis

199 2243 378 2271 exercitatio.
402 2243 485 2270 Ratio
514 2243 596 2270 istius
620 2242 695 2277 signi
719 2245 774 2277 est,
805 2243 876 2278 quia
905 2243 978 2271 sicut

199 2290 367 2318 exercitatio
398 2298 537 2317 sensuum
562 2289 762 2325 corporalium
791 2290 909 2324 signum
936 2293 978 2318 est

200 2337 361 2374 corporalis
382 2336 465 2371 vitae,
482 2336 523 2364 ita
542 2337 709 2364 exercitatio
733 2345 872 2364 sensuum
892 2337 976 2373 spiri-

198 2385 324 2412 tualium
343 2384 460 2419 signum
477 2386 517 2411 est
537 2383 696 2419 spiritualis
715 2384 790 2411 vitae.
808 2384 878 2411 Sunt
893 2392 976 2411 nam-

199 2440 257 2468 que
279 2432 411 2468 quinque
431 2439 532 2459 sensus
552 2431 705 2459 interiores
726 2431 756 2458 in
774 2433 886 2466 mente,
904 2431 977 2460 sicut

199 2480 266 2506 sunt
278 2479 410 2514 quinque
426 2486 528 2505 sensus
543 2477 699 2505 exteriores
711 2478 739 2505 in
752 2486 886 2514 corpore,
903 2478 976 2506 sicut

200 2525 305 2553 dieitur
319 2526 349 2553 in
361 2525 439 2553 libro
456 2525 488 2552 de
502 2525 611 2559 Spiritu
626 2527 650 2552 et
666 2526 768 2552 Anima
784 2526 809 2559 ὃ,
826 2528 852 2552 et
866 2526 975 2560 Grego-

232 2610 238 2623 ¹
260 2610 346 2640 Bern„
365 2609 393 2633 de
412 2610 519 2639 Pentec„
541 2616 617 2633 serm.
639 2611 660 2640 l,
678 2611 737 2640 post
753 2610 822 2634 med,
838 2623 867 2628 —
884 2611 892 2624 ²
906 2611 974 2640 Luc..

199 2651 246 2676 xri,
264 2646 303 2669 49.
320 2658 345 2662 —-
367 2645 376 2659 ³
391 2646 520 2675 Ambros„
539 2646 564 2668 in
584 2645 651 2675 Luc„
674 2645 716 2669 lib.
741 2646 802 2676 Vll,
824 2653 850 2670 n.
871 2647 924 2670 132.
944 2660 974 2664 —

200 2681 293 2711 ⁴Aug.,
306 2680 418 2707 Ena-hir..
431 2687 453 2705 c.
469 2687 539 2710 cxxi,
555 2688 581 2704 n.
596 2681 635 2704 32.
649 2694 675 2697 —
689 2682 698 2698 ⁵
710 2682 745 2705 De
759 2682 826 2713 Spir.
839 2683 863 2705 et
877 2683 972 2712 Animi„

200 2724 221 2740 c.
239 2722 349 2740 XL1X.-—-
365 2717 374 2730 θ
389 2717 475 2747 Rern,
492 2716 524 2740 de
538 2717 649 2747 Rem-12,
664 2723 739 2741 serm.
757 2723 785 2748 11,
805 2717 831 2742 iu
851 2717 932 2749 princ.
944 2730 974 2736 —

1759 246 1818 276 443

1039 314 1100 343 rius
1119 314 1150 342 in
1169 315 1318 343 Mor-atibus
1339 313 1410 343 dicit
1426 322 1432 342 :
1452 322 1466 340 «
1487 312 1622 342 Habitare
1641 312 1672 341 in
1693 319 1819 349 corpore

1039 363 1185 396 animam,
1208 361 1338 398 probant
1355 361 1460 389 vitales
1478 368 1599 389 sensus:
1623 360 1663 388 ita
1684 359 1818 388 habitare

1038 408 1069 437 in
1085 409 1186 437 anima
1200 408 1345 445 spiritum,
1362 408 1471 444 probat
1485 407 1546 436 vita
1559 407 1730 444 spiritualis.
1742 407 1819 436 illud

1039 463 1076 484 ex
1093 455 1159 483 visu
1180 457 1208 483 et
1226 454 1330 483 auditu
1350 453 1552 490 dignoscitur3
1569 454 1647 482 istud
1668 462 1704 482 ex
1725 454 1819 482 chari-

1039 504 1095 531 tate
1116 504 1143 530 et
1165 502 1232 530 aliis
1250 501 1407 530 virtutibus
1425 501 1580 537 probatur.
1602 511 1616 527 »
1641 501 1817 536 Bernardus,

1039 557 1175 577 sermone
1187 549 1220 577 de
1235 549 1348 584 Pascha,
1365 547 1435 576 dicit
1445 547 1455 564 ὅ
1471 556 1477 575 :
1498 557 1511 573 «
1525 547 1606 575 Fidei
1620 547 1712 575 vitam
1727 555 1819 584 opera.

1038 597 1190 624 testantur.
1211 595 1290 624 Sicut
1309 596 1388 623 enim
1410 595 1543 631 eorporis
1564 594 1656 622 vitam
1677 603 1713 622 ex
1734 596 1818 622 motu

1039 651 1092 671 suo
1113 643 1240 678 scimus3
1263 642 1304 670 ita
1324 641 1395 670 fidei
1409 641 1502 670 vitam
1516 650 1553 669 ex
1566 641 1654 670 bonis
1677 641 1817 678 operibus

1039 689 1247 726 cognoscimus
1265 697 1271 717 :
1289 689 1370 726 quia,
1391 689 1466 717 sicut
1478 689 1539 717 vita
1553 689 1686 725 corporis
1700 690 1742 716 est
1754 688 1817 717 ani-

1037 744 1088 765 ma
1095 757 1105 772 ,
1124 744 1177 772 per
1192 744 1284 773 quam
1299 737 1437 764 movetur
1452 737 1479 764 et
1497 736 1583 764 sentit
1591 745 1599 772 3
1615 736 1654 764 ita
1671 735 1732 763 vita
1745 735 1817 764 fidei

1038 785 1081 811 est
1097 783 1233 818 charitas,
1247 791 1301 819 per
1316 791 1409 819 quam
1425 785 1563 819 operatur
1580 784 1661 810 actus
1674 782 1817 811 virtutum

1039 832 1066 858 et
1081 830 1203 866 Spiritus
1227 830 1328 858 sancti.
1340 841 1353 856 n
1371 830 1459 865 Igitur
1478 838 1512 858 ex
1529 829 1683 864 charitate,
1699 829 1759 857 sive
1775 829 1817 857 di-

1038 877 1173 912 lectione,
1189 886 1255 913 quae
1270 879 1312 905 est
1326 877 1385 905 vita
1400 877 1518 912 animce,
1535 876 1702 905 secundum
1717 878 1815 912 Rugo-

1038 932 1107 952 nem
1123 925 1155 952 de
1173 925 1265 952 Arrha
1281 925 1405 959 Animae,
1430 932 1532 952 sensus
1551 924 1706 952 interiores
1719 923 1816 952 vivifi-

1038 974 1140 999 cantur
1153 973 1180 999 et
1190 971 1386 999 exercitantur
1398 981 1404 999 :
1419 971 1487 999 ideo
1497 971 1645 1008 profectus
1659 971 1815 1006 interioris,

1038 1018 1098 1046 sive
1119 1018 1277 1055 spiritualis
1292 1018 1524 1054 exercitationis,
1546 1018 1665 1054 signum
1682 1020 1724 1046 est
1743 1026 1816 1054 aug-

1037 1068 1173 1094 mentatae
1207 1065 1393 1100 dilectionis,
1418 1074 1483 1102 quae
1510 1065 1612 1094 omnia
1639 1067 1754 1093 exercet
1785 1065 1817 1093 in

1036 1112 1139 1147 finem,
1154 1113 1185 1140 id
1198 1114 1251 1148 est,
1268 1112 1395 1141 ordinat.

1073 1161 1214 1194 Quartum
1228 1159 1346 1195 signum
1366 1159 1513 1187 charitatis
1529 1161 1571 1187 est
1587 1159 1719 1187 studiosa
1734 1167 1815 1187 man-

1036 1206 1175 1235 datorum
1195 1207 1244 1234 Dei
1264 1206 1443 1234 observatio.
1467 1206 1551 1234 Ratio
1570 1207 1658 1242 hujus
1673 1206 1748 1241 signi
1763 1209 1816 1242 est,

1037 1254 1109 1289 quia
1117 1253 1284 1281 observatio
1295 1253 1506 1281 mandatorum
1517 1261 1588 1281 vera
1598 1253 1660 1281 sine
1677 1253 1816 1281 charitate

1035 1300 1099 1328 fieri
1117 1309 1178 1329 non
1192 1302 1297 1336 potest.
1314 1301 1395 1328 Unde
1411 1300 1552 1328 Dominus
1573 1300 1643 1328 dicit
1657 1300 1697 1328 sic
1711 1301 1722 1318 ⁷
1739 1310 1744 1328 :
1764 1301 1817 1334 Qui

1036 1348 1133 1383 clz'lz'yz'c
1161 1356 1212 1383 me,
1241 1356 1386 1375 sermonem
1413 1355 1499 1374 meam
1527 1348 1654 1380 servabit,
1684 1350 1710 1375 ct
1736 1349 1817 1375 Pater

1036 1403 1108 1422 meus
1125 1395 1221 1429 dz‘lc'qec
1238 1403 1306 1430 eum,
1323 1397 1376 1422 etc.
1390 1394 1476 1428 Quod
1492 1402 1645 1430 exponens
1659 1394 1816 1430 Gregorius

1035 1441 1065 1469 in
1080 1442 1204 1469 homilia
1225 1441 1295 1469 dicit
1314 1441 1354 1469 sic
1368 1442 1378 1457 ⁵⁵
1399 1450 1405 1468 z
1432 1450 1445 1466 «
1461 1443 1492 1469 ln
1507 1441 1710 1477 quorumdam
1725 1442 1817 1469 corda

1034 1489 1133 1522 venit,
1150 1490 1177 1516 et
1198 1488 1384 1516 mansionem
1398 1496 1460 1516 non
1482 1488 1569 1523 facit,
1588 1488 1659 1524 quia
1682 1490 1816 1524 tempore

1034 1535 1202 1563 tentationis
1237 1535 1274 1563 ab
1311 1543 1345 1563 θο
1374 1535 1523 1562 recedunt.
1554 1537 1585 1563 ln
1614 1535 1815 1571 quorumdam

1036 1582 1128 1610 corda
1141 1582 1232 1616 venit,
1248 1584 1276 1610 et
1289 1582 1476 1610 mansionem
1491 1582 1570 1616 facit,
1587 1582 1658 1618 quia
1673 1582 1714 1609 sic
1730 1590 1815 1609 amor

1035 1630 1096 1658 sive
1126 1630 1251 1658 charitas
1276 1629 1325 1657 Dei
1349 1638 1399 1657 eos
1423 1631 1566 1666 penetrat,
1592 1631 1625 1657 ut
1647 1629 1685 1657 ab
1712 1637 1814 1657 amore

1034 1679 1168 1713 tempore
1190 1677 1358 1705 tentationis
1381 1684 1443 1704 non
1466 1676 1614 1704 recedant.
1643 1686 1657 1703 »
1685 1676 1814 1710 Qualiter

1035 1726 1133 1752 autem
1162 1724 1301 1752 charitate
1330 1732 1392 1751 non
1418 1723 1594 1759 proficeret,
1625 1723 1677 1760 qui
1702 1723 1814 1751 fontem

1035 1771 1200 1799 dilectionis
1225 1771 1255 1798 in
1284 1779 1314 1798 se
1339 1771 1478 1805 haberet,
1508 1772 1535 1798 et
1559 1771 1622 1805 jam
1646 1770 1814 1806 aliqualiter

1035 1819 1190 1853 gustaret?
1211 1818 1292 1846 Unde
1321 1817 1499 1853 Augustinus
1524 1817 1594 1845 dicit
1619 1826 1625 1845 :
1658 1827 1671 1843 (ι
1694 1819 1735 1845 Tu
1761 1817 1813 1853 qui

1034 1873 1136 1893 veram
1150 1865 1301 1901 requiem,
1324 1873 1390 1901 quae
1404 1866 1472 1901 post
1486 1865 1563 1892 hanc
1585 1864 1676 1892 vitam
1690 1864 1813 1900 promit-

1033 1912 1112 1947 titur,
1141 1912 1262 1948 quaeris,
1289 1912 1376 1940 etiam
1398 1912 1490 1946 hauc,
1516 1911 1590 1939 inter
1613 1911 1813 1939 amarissimas

1033 1959 1098 1987 vitae
1122 1960 1210 1994 hujus
1239 1959 1409 1993 molestias,
1440 1966 1563 1986 suavem
1587 1958 1812 1993 jucundamque

1034 2006 1176 2041 gustabis,
1202 2006 1226 2033 si
1247 2006 1319 2040 ejus,
1345 2005 1395 2041 qui
1417 2013 1482 2033 eam
1502 2005 1647 2040 promisit,
1667 2007 1813 2040 praecepta

1033 2052 1200 2086 servando,
1229 2052 1377 2079 dilexeris.
1403 2062 1416 2077 »
1444 2053 1476 2079 Et
1502 2051 1542 2078 sic
1568 2053 1647 2087 patet
1673 2053 1811 2087 quartum

1032 2100 1151 2135 signum
1166 2099 1314 2126 charitatis
1328 2098 1518 2134 proficientis.

1069 2146 1208 2180 Quintum
1236 2145 1353 2180 signum
1387 2145 1534 2173 charitatis
1560 2144 1741 2181 proficientis
1770 2147 1812 2173 est

1033 2194 1203 2221 divinarum
1224 2192 1380 2220 veritatum
1397 2192 1602 2220 manifestatio.
1627 2192 1710 2220 Ratio
1724 2192 1811 2228 hujus

1033 2241 1109 2276 signi
1128 2242 1187 2274 cst,
1209 2239 1280 2275 quia
1299 2247 1383 2266 amor
1408 2240 1450 2266 est
1470 2239 1588 2274 signum
1611 2239 1811 2267 communica—

1032 2288 1140 2316 tionis:
1158 2288 1185 2314 et
1205 2286 1273 2314 ideo
1300 2286 1412 2314 amicus
1430 2286 1541 2313 revelat
1564 2288 1591 2313 et
1612 2286 1811 2314 communicat

1033 2335 1129 2363 amico
1154 2342 1208 2361 suo
1229 2335 1340 2361 secreta
1362 2341 1431 2367 sua,
1452 2332 1536 2368 quasi
1557 2340 1619 2360 non
1638 2333 1760 2360 credens
1775 2341 1810 2360 ea

1031 2390 1143 2418 ponere
1159 2383 1241 2408 extra
1259 2388 1305 2414 se,
1326 2380 1378 2407 sed
1397 2380 1427 2407 in
1451 2388 1500 2414 eo,
1522 2380 1573 2415 qui
1589 2381 1632 2407 θεῖ
1646 2380 1719 2407 sicut
1735 2380 1806 2415 ipse.

1032 2429 1148 2457 Amicus
1161 2428 1240 2456 enim
1260 2435 1343 2454 meus
1358 2428 1400 2454 est
1415 2426 1498 2462 quasi
1515 2426 1588 2454 alter
1604 2435 1673 2462 ego,
1690 2427 1729 2454 ait
1745 2427 1809 2462 qui-

1031 2476 1110 2504 dam.
1127 2475 1208 2503 Unde
1223 2473 1387 2502 Richardus
1410 2473 1480 2500 dicit
1494 2473 1504 2489 ⁹
1520 2482 1526 2500 :
1550 2483 1562 2498 «
1580 2474 1606 2501 Si
1625 2473 1669 2500 vis
1686 2481 1807 2501 noscere

1032 2523 1102 2559 quia
1129 2522 1294 2550 sublimitas
1329 2520 1497 2548 divinarum
1526 2520 1740 2548 revelationum
1772 2521 1807 2548 sit

1034 2600 1135 2628 ⁷Jaan.,
1158 2604 1211 2628 X1v,
1236 2598 1274 2621 23.
1292 2609 1323 2614 ·-—
1338 2597 1346 2609 ²³
1366 2597 1452 2626 Greg,
1475 2596 1498 2618 in
1519 2596 1623 2625 Erana,
1644 2596 1713 2620 hom.
1737 2602 1803 2625 xxx,

1030 2642 1082 2660 uon
1093 2635 1167 2666 longe
1179 2642 1192 2658 a
1204 2633 1285 2664 princ.
1297 2645 1326 2650 —-
1339 2633 1347 2647 ⁹
1360 2632 1490 2662 menard„
1501 2631 1530 2654 cle
1544 2631 1693 2662 contempl„
1705 2632 1748 2657 lib.
1761 2633 1803 2664 IV,

1029 2679 1051 2696 e.
1069 2677 1122 2701 xvi,
1138 2672 1196 2701 post
1209 2669 1275 2693 med.

1062 2718 1096 2749 (a)
1112 2719 1171 2742 Caet.
1187 2717 1247 2741 edit.
1263 2716 1378 2740 ins1·a.—
1390 2715 1426 2745 (b)
1442 2715 1497 2746 Ley.
1515 2714 1710 2745 liquefaciendo.
