2004 3037
215 171 274 201 168

215 235 330 271 gatorio
356 235 480 264 ulterius
505 235 681 272 indigentes·
710 235 890 271 Clementer,
918 235 994 272 quia

214 282 368 311 benedixit
382 282 433 310 eis.

250 328 378 357 Christus
395 336 458 356 non
474 327 572 356 statim
589 330 657 364 post
671 328 919 358 resurrectionem
938 337 993 357 coe-

214 374 278 402 lum
292 374 440 409 ascendit,
455 374 563 411 triplici
581 375 706 403 ratione.
721 375 834 410 Prima,
850 375 922 412 quia
936 375 992 403 dif-

213 419 336 448 ferenda
351 423 414 449 erat
428 421 572 457 ascensio,
587 424 621 450 ut
638 422 838 459 multipliciter
851 423 994 458 probare-

213 468 261 494 tur
274 467 461 502 resurrectio,
472 469 505 495 ut
519 467 627 496 dicitur
636 470 645 486 ¹
655 477 661 496 :
673 470 706 496 ln
719 469 813 496 multis
827 470 992 504 argumentis

214 521 350 548 apparens
366 515 405 541 eis
423 522 472 549 per
493 514 551 542 dies
569 514 763 550 quadraqiuta.
780 515 917 544 Secunda
932 517 991 550 est,

213 560 246 586 ut
258 559 432 595 patientiam
447 562 582 588 nostram
597 561 783 596 informaret,
798 561 868 598 quia
884 569 994 590 merce-

214 606 284 634 dem
311 607 456 636 debemus
486 608 689 644 aequanimiter
723 611 894 646 expectare,
921 610 994 637 sicut

213 653 346 690 agricola
367 661 430 682 non
448 654 546 682 statim
564 657 632 691 post
651 655 876 684 seminationem
895 656 992 692 metit,

213 700 266 727 sed
285 700 436 728 fruetuum
458 701 656 730 maturitatem
675 704 818 738 expectat.
839 703 933 730 Tertia
952 705 994 731 est

213 749 337 782 propter
355 747 572 784 discipulorum
591 748 838 784 consolationem;
855 749 935 776 unde
950 749 992 777 di-

214 793 253 821 cit
279 793 381 821 Glossa
403 803 410 821 :
430 804 444 820 «
466 794 545 822 Sicut
566 795 763 831 quadraginta
780 794 899 824 fuerunt
912 796 993 823 horae

215 839 318 867 mortis
333 839 452 875 Christi,
467 841 508 868 ita
523 841 721 877 quadraginta
735 842 841 870 diebus
861 850 930 870 cum
951 842 993 869 eis

215 888 407 914 conversatus
423 889 466 914 est
479 890 546 924 post
559 888 819 923 resurrectionem,
836 889 908 925 quia
923 896 993 916 eon-

215 932 322 960 solatio
337 932 440 961 divina
452 934 568 962 excedit
582 935 726 962 tristitiam
737 935 910 963 humanam.
927 945 941 960 u

252 979 325 1006 Nota
353 979 437 1015 quod
460 980 573 1008 Christo
596 975 732 1009 convenit
755 981 934 1009 descendere
955 981 992 1010 de

215 1024 290 1052 coelo
304 1026 510 1054 tantummodo
521 1027 684 1054 secundum
696 1027 828 1055 divinam
843 1029 992 1062 naturam,

216 1071 287 1107 quia
302 1072 376 1099 Deus
396 1071 467 1100 illuc
482 1072 582 1100 venire
602 1073 723 1107 dicitur,
738 1073 789 1101 ubi
811 1074 931 1110 speciali
951 1074 992 1102 ef-

215 1116 292 1144 fectu
307 1120 448 1154 apparet;
463 1119 517 1146 sed
532 1119 692 1147 ascendere
707 1120 826 1156 proprie
842 1120 867 1147 ei
884 1128 994 1148 conve-

216 1164 257 1191 nit
269 1164 435 1192 secundum
454 1165 616 1193 humanam
638 1168 790 1201 naturam,
805 1167 877 1203 quia
891 1175 993 1195 secun-

216 1210 289 1238 dum
308 1210 391 1238 illam
412 1211 605 1240 solummodo
622 1215 715 1240 mutat
733 1213 852 1247 locum,
867 1221 927 1241 non
948 1221 992 1241 se-

219 1256 353 1284 cundum
367 1257 500 1285 divinam
516 1260 661 1286 naturam.

467 1371 609 1404 CAPUT
634 1372 740 1405 XXV.

259 1456 296 1483 De
313 1462 435 1482 consessu
454 1455 554 1482 Christi
573 1456 609 1482 ad
627 1456 764 1483 dexteram
785 1458 833 1483 Dei
851 1458 952 1485 Patris.

254 1536 421 1563 Ascendens
436 1537 564 1564 Christus
580 1538 608 1565 in
624 1538 748 1572 ccrlum,
765 1538 845 1566 sedet
864 1539 902 1566 ad
924 1540 993 1567 dex—

218 1585 310 1610 teram
329 1583 376 1609 Dei
398 1584 487 1610 Patris
503 1585 722 1620 omnipotentis.
741 1587 802 1612 Duo
826 1586 995 1621 intelligun-

217 1631 264 1656 tur
286 1636 340 1664 per
364 1629 525 1657 dexteram.
549 1630 678 1658 Primum
700 1634 742 1659 est
761 1632 913 1667 aequalitas
935 1641 995 1660 nia-

215 1675 327 1709 jestatis
345 1695 353 1708 ,
379 1677 417 1703 ad
447 1684 536 1711 quam
563 1677 691 1704 Christus
720 1677 801 1705 sedet
831 1679 995 1706 secundum

220 1721 411 1748 divinitatem.
427 1724 464 1749 De
479 1723 533 1750 hae
550 1723 671 1750 dextera
686 1723 817 1759 loquitur
827 1725 994 1760 Apostolus,

221 1767 323 1794 dicens
335 1768 345 1783 ‘³
363 1777 370 1794 2
389 1769 477 1795 Talem
496 1769 621 1796 habemus
641 1771 794 1804 pontificem
809 1792 817 1804 ,
839 1773 887 1806 qni
905 1779 995 1798 conse-

221 1812 263 1839 dit
275 1813 311 1848 (a)
324 1814 353 1840 in
367 1813 477 1840 dextera
490 1815 641 1848 majestatis
653 1817 681 1842 in
696 1817 813 1843 excelsi&
828 1817 996 1845 Secundum

222 1861 284 1892 est,
307 1867 360 1894 per
385 1860 536 1888 dexteram
559 1861 762 1896 intelliguntur
782 1863 897 1897 potiora
918 1863 997 1891 bona

223 1904 341 1940 gloriae,
357 1905 386 1933 in
402 1906 510 1942 quibus
526 1907 654 1935 Christus
669 1908 751 1936 sedet
766 1909 930 1937 seeundum
945 1910 997 1938 hu-

222 1952 392 1979 manitatem
408 1974 416 1986 ,
443 1954 586 1988 quoniam
611 1954 752 1982 collatum
779 1957 821 1982 est
844 1956 869 1983 ei
893 1964 909 1983 a
939 1957 996 1984 Deo

223 1997 370 2034 quidquid
393 1999 518 2026 conferri
539 2001 643 2035 potuit.
666 2003 697 2028 Et
721 2001 787 2029 licet
813 2002 850 2029 ab
880 2002 997 2030 instanti

256 2056 261 2068 ¹
278 2056 344 2083 Act„
361 2061 379 2085 1,
400 2058 420 2079 l.
440 2070 468 2074 —
486 2057 496 2072 ²
510 2057 595 2087 nebu,
611 2064 670 2087 v111,
686 2061 707 2082 t.
724 2072 754 2076 -
773 2059 780 2072 ¹
797 2059 898 2089 Coloss„
916 2066 954 2087 111,
976 2064 996 2085 l.

257 2096 287 2125 (a)
303 2096 364 2119 Caet.
381 2096 441 2120 edit.
454 2097 573 2121 consedet.
583 2111 611 2115 —
627 2097 660 2129 (b)
679 2098 778 2123 Labore.

539 168 798 201 COMPENDIUM
817 167 1077 200 THEOLOGIGAE
1097 170 1320 203 VERITATIS.
1345 171 1419 204 LlB.
1444 172 1495 205 lv.

1046 238 1247 274 conceptionis
1269 239 1398 267 Christus
1425 239 1540 276 accepit
1562 239 1646 269 bona
1670 241 1770 276 gratiae
1791 244 1821 270 et

1047 283 1151 319 gloriae
1167 284 1200 313 in
1222 285 1339 320 anima,
1359 285 1466 314 eadem
1483 287 1584 314 tamen
1602 286 1686 316 bona
1701 286 1822 317 fuerunt

1046 330 1078 358 in
1092 331 1263 360 ascensione
1277 332 1477 368 manifestata,
1492 334 1521 361 et
1534 332 1566 360 in
1584 332 1644 361 loci
1659 340 1822 369 congruen-

1046 377 1087 405 tia
1110 379 1268 415 completa.
1292 381 1331 408 De
1353 381 1410 408 hac
1430 380 1554 409 dextera
1571 380 1678 409 dicitur
1699 381 1735 409 ’τ
1757 383 1823 416 Quoe

1046 431 1153 452 sursum
1165 427 1228 453 sunt
1240 427 1372 461 qum-ite,
1392 428 1442 454 ubi
1463 427 1587 455 Christus
1603 429 1642 455 est
1659 429 1691 455 in
1711 427 1823 457 dentem

1048 471 1099 498 Dei
1111 471 1224 505 sedens3
1238 472 1290 500 ubi
1305 472 1377 501 dicit
1389 473 1509 508 Glossa,
1521 473 1605 510 quod
1619 481 1756 510 sursum,
1769 475 1823 503 ubi

1047 516 1130 545 sedet
1150 517 1278 546 Christus
1290 539 1300 553 ,
1325 521 1393 547 sunt
1415 520 1534 556 potiora
1553 520 1635 548 bona
1656 520 1777 555 gratiae,
1794 523 1824 549 et

1047 563 1157 598 gloriae.
1174 564 1301 593 Dicimus
1316 573 1387 601 ergo
1402 566 1487 602 quod
1504 566 1637 594 ascensio
1651 566 1756 595 Christi
1768 566 1824 595 fuit

1047 611 1108 638 tam
1122 610 1162 638 ad
1176 611 1294 646 locum,
1309 620 1401 648 quam
1417 613 1457 641 ad
1475 613 1659 648 dignitatem.
1675 615 1708 642 ln
1727 621 1822 650 quan—

1047 658 1110 684 tum
1123 657 1247 693 quidem
1266 658 1319 686 fuit
1339 659 1380 686 ad
1400 659 1502 687 locum
1513 681 1521 694 ‚
1535 660 1576 687 sic
1590 659 1722 688 ascendit
1735 667 1824 696 super

1048 712 1151 732 omnes
1172 705 1281 740 coelos,
1302 705 1333 733 id
1356 708 1417 740 est,
1432 706 1471 734 ad
1493 706 1702 741 dignissimum
1721 706 1823 735 locum

1048 751 1114 779 coeli
1128 752 1279 788 empyrei,
1299 752 1361 780 sive
1376 752 1416 780 ad
1430 752 1604 781 altissimam
1619 754 1682 789 ejus
1695 755 1822 790 partem,

1047 806 1084 825 eo
1102 798 1186 833 quod
1205 798 1392 826 nobilissimo
1415 798 1520 827 Christi
1543 800 1662 836 corpori
1686 800 1823 836 congruit

1046 843 1129 871 locus
1144 844 1218 872 talis.
1235 846 1299 872 Non
1311 847 1410 873 tamen
1425 848 1467 874 est
1481 845 1643 874 dicendum
1659 847 1743 883 quod
1757 855 1823 875 cor-

1045 898 1102 926 pus
1117 899 1203 918 suum
1221 891 1258 918 sit
1280 891 1446 926 obligatum
1469 891 1508 919 ad
1531 892 1632 920 locum
1651 893 1754 928 illum,
1768 893 1820 921 sed

1047 937 1116 972 quia
1131 937 1214 965 locus
1229 937 1277 964 ille
1295 938 1331 965 sit
1344 938 1400 966 sibi
1417 937 1582 966 secundum
1597 939 1820 974 congruentiam

1047 982 1212 1019 deputatus.
1230 986 1261 1012 lu
1275 986 1421 1020 quantum
1440 986 1539 1012 autem
1560 984 1614 1012 fuit
1637 985 1676 1013 ad
1698 985 1822 1021 dignita-

1047 1031 1120 1064 tem,
1135 1030 1176 1058 sic
1197 1030 1279 1058 sedet
1295 1031 1334 1058 ad
1349 1030 1502 1058 dexteram
1517 1032 1626 1066 Patris;
1647 1039 1708 1059 non
1724 1034 1822 1060 tamen

1047 1076 1150 1112 quoad
1159 1077 1246 1104 situm
1255 1099 1262 1111 ,
1271 1077 1323 1111 Qui
1333 1077 1408 1105 Patri
1421 1085 1482 1105 non
1491 1078 1644 1112 convenit,
1653 1078 1705 1106 sed
1718 1078 1823 1114 quoad

1047 1123 1252 1151 excellentiam
1267 1124 1435 1159 duplicem,
1451 1124 1526 1152 sicut
1546 1124 1657 1152 dictum
1674 1126 1736 1152 est:
1753 1125 1824 1161 quia

1047 1178 1100 1206 per
1121 1170 1273 1197 dexteram
1288 1170 1458 1205 intelligitur
1477 1170 1525 1198 vel
1544 1171 1696 1207 aequalitas
1716 1171 1823 1206 majes-

1048 1216 1127 1250 tatis,
1143 1224 1209 1251 quae
1233 1216 1374 1252 competit
1394 1216 1506 1244 Christo
1531 1217 1695 1245 secundum
1718 1216 1824 1244 divini-

1048 1264 1154 1296 tatem,
1170 1262 1217 1289 vel
1231 1262 1371 1298 perfectio
1386 1262 1519 1298 praemii,
1537 1271 1603 1299 quae
1622 1263 1680 1291 sibi
1704 1271 1824 1299 compe·

1048 1308 1081 1336 tit
1095 1308 1259 1337 secundum
1275 1309 1497 1337 humanitatem.

1084 1355 1320 1383 Praetereundum
1335 1363 1457 1391 quoque
1473 1363 1534 1384 non
1549 1358 1592 1395 εὲῑ
1602 1377 1611 1390 ,
1627 1356 1710 1392 quod
1730 1355 1825 1384 credi-

1049 1409 1116 1429 mus
1138 1402 1283 1429 Christum
1307 1401 1346 1428 ad
1366 1401 1518 1429 dexteram
1541 1402 1589 1429 Dei
1611 1402 1702 1430 Patris
1723 1402 1825 1430 seden-

1049 1450 1125 1482 tem,
1147 1448 1310 1484 Stephanus
1335 1447 1446 1475 audem
1474 1448 1547 1475 vidit
1572 1456 1641 1476 eum
1663 1450 1788 1476 stantem
1807 1456 1826 1476 a

1050 1494 1159 1522 dextris
1183 1494 1231 1521 Dei
1248 1503 1254 1521 z
1272 1494 1343 1530 quia
1362 1501 1417 1521 nos
1438 1493 1586 1522 credimus
1609 1503 1678 1523 eum
1701 1503 1826 1530 regnan-

1051 1544 1108 1569 tem
1125 1544 1151 1569 et
1167 1542 1385 1577 quiescentem,
1402 1542 1485 1577 quod
1500 1544 1618 1570 notatur
1632 1543 1662 1570 in
1676 1543 1824 1577 sessione;

1050 1588 1100 1615 sed
1126 1588 1289 1623 Stephanus
1314 1588 1343 1615 in
1367 1589 1556 1616 tribulatione
1586 1589 1698 1625 positus
1723 1589 1827 1616 habuit

1050 1637 1304 1669 propugnatorem
1333 1637 1359 1662 et
1388 1638 1588 1671 susceptorem
1606 1657 1615 1670 ,
1645 1635 1724 1663 unde
1753 1635 1826 1663 vidit

1051 1688 1119 1708 eum
1134 1683 1268 1708 stantem.

1088 1727 1185 1755 Merito
1198 1728 1325 1755 Christus
1337 1728 1426 1755 sedere
1437 1728 1545 1755 dicitur
1560 1729 1595 1755 ad
1609 1728 1745 1755 dexteram
1759 1730 1825 1755 Dei:

1050 1773 1139 1801 sedere
1155 1774 1292 1809 quidem,
1309 1774 1380 1809 quia
1395 1774 1542 1802 laboravit
1554 1775 1561 1790 ⁸
1575 1784 1581 1801 :
1596 1776 1628 1801 ln
1643 1775 1775 1801 laboribus
1790 1775 1825 1810 (b)

1051 1821 1123 1852 suia
1137 1821 1275 1854 juventute
1297 1828 1373 1852 mea;
1402 1822 1438 1847 ad
1462 1821 1600 1848 deaeteram
1625 1823 1739 1855 autem,
1756 1821 1827 1856 quia

1053 1866 1103 1893 diu
1124 1866 1178 1893 suit
1197 1866 1227 1893 in
1243 1866 1358 1894 sinistra
1378 1867 1562 1894 adversitatis
1575 1868 1584 1883 ἢ
1603 1877 1608 1894 :
1625 1869 1754 1901 Afflictus
1769 1875 1826 1894 sum

1052 1916 1076 1939 et
1092 1913 1252 1939 humiliatus
1267 1921 1324 1940 sum
1343 1915 1441 1945 nimis,·
1457 1916 1511 1941 etc.
1541 1915 1587 1941 Dei
1609 1922 1681 1941 vero
1704 1913 1826 1947 dicitur,

1053 1959 1124 1995 quia
1140 1961 1207 1994 post
1226 1959 1423 1994 abjectionem
1445 1960 1549 1988 merito
1571 1960 1660 1987 debet
1684 1960 1826 1996 consequi

1054 2005 1180 2040 gloriam
1195 2014 1201 2032 ε
1216 2005 1287 2040 quia
1297 2006 1307 2021 ⁶
1318 2007 1365 2040 qui
1376 2014 1402 2032 se
1416 2006 1557 2038 humiliat,
1570 2007 1747 2033 exaltabitur.

1053 2081 1083 2085 —
1099 2069 1104 2080 ¹
1121 2067 1189 2091 Psal.
1207 2073 1323 2098 Lxxxwi,
1341 2069 1376 2092 16.
1394 2081 1419 2084 —
1436 2069 1446 2085 ⁵
1460 2068 1642 2098 Psal.xxxv11‚
1658 2069 1679 2092 9.
1694 2081 1724 2086 -
1739 2069 1747 2081 ⁸
1758 2069 1825 2098 Lucv,

1053 2109 1106 2133 nv,
1126 2105 1163 2126 ¹1.
