2004 3037
147 500 217 521 Stare.

109 783 214 804 Transire

137 1297 219 1318 Ambu-

110 1327 163 1349 lare.

141 1628 217 1654 Loqui.

140 1816 179 1836 Dei
191 1815 219 1835 iu-

113 1847 172 1867 cutio
186 1846 220 1867 tri-

123 1878 211 1905 pliciter

112 1911 209 1936 accepta.

122 2557 208 2578 Videre.

232 238 272 268 58

232 304 396 334 adventum
408 303 581 332 hominibus
603 304 824 334 annuntiarent.
847 304 941 340 Caligo
962 304 1010 332 sub

228 351 344 387 pedibus
358 351 430 386 ejus,
447 349 519 386 quia
532 350 618 387 impii
631 351 770 380 homines
790 351 831 380 oh
845 359 931 380 suam
949 360 1012 380 ma-

230 398 324 427 litiam
343 397 580 427 incarnationem
602 399 666 434 ejus
687 407 848 435 agnoscere
871 407 933 428 non
953 407 1010 436 po-

231 446 364 481 tuerunt,
381 453 437 473 nec
450 445 550 474 adhuc
563 447 699 482 possunt.

267 492 347 520 Stare
361 493 437 520 Deus
447 491 563 528 dicitur,
579 501 649 521 cum
662 500 719 521 nos
727 493 874 529 infirmos,
883 495 911 522 et
924 501 1010 522 suam

231 540 397 567 creaturam
408 559 418 574 ‚
437 539 478 568 ad
499 540 704 576 poenitentiam
730 543 759 569 et
783 541 1011 570 conversionem

230 585 376 622 patienter
396 586 534 622 sustinet,
549 590 582 615 ut
602 590 646 616 est
667 588 797 625 reperire
821 589 852 616 in
872 588 1010 617 Habacuc

230 633 377 669 propheta
391 635 419 662 ¹:
435 634 533 670 Stetit,
550 637 576 662 et
591 643 697 663 mensus
716 638 756 663 est
774 639 891 668 terram.
909 638 935 664 et
949 636 1009 664 dis-

230 680 312 708 solvit
326 683 428 715 gentes,
444 680 474 708 id
488 683 550 716 est,
566 682 642 710 stetit
657 681 696 710 ad
710 682 965 718 subveniendum,
983 685 1012 711 et

232 726 369 756 dissolvit
380 728 532 758 credentes
547 729 579 758 in
593 738 624 758 se
638 739 657 758 a
669 731 798 759 vinculis
807 734 1009 768 peccatorum.

266 775 400 804 Transire
415 776 522 805 dicitur
536 778 628 812 Deus,
645 786 712 806 cum
729 778 766 807 de
782 779 926 808 cordibus
937 788 1011 816 quo-

230 822 371 851 rumdam
384 823 542 852 hominum
553 845 563 859 ‚
578 824 609 852 in
623 825 734 862 quibus
748 828 835 854 antea
847 834 902 863 per
915 826 1008 854 fidem

231 869 456 906 continebatur,
470 873 575 907 postea
595 871 774 909 subrepente
797 873 924 910 pertidia
935 895 944 909 ‚
961 873 1010 902 vel

231 916 368 952 quolibet
392 917 517 951 delicto,
541 918 579 946 ab
604 919 646 946 eis
668 919 794 954 recedit,
820 922 849 948 et
871 920 911 948 ad
935 920 1011 948 alios

231 962 351 997 transit,
367 964 627 1000 quemadmodum
649 965 687 994 de
711 966 820 995 Judaeis
845 967 884 996 ad
908 968 1012 995 Gentes

231 1009 269 1038 de
291 1010 434 1039 haereticis
455 1011 495 1039 ad
518 1013 689 1041 catholicos.
706 1014 762 1042 Sed
783 1016 811 1042 et
835 1013 872 1042 de
887 1014 1012 1050 quibus-

231 1056 303 1085 libet
321 1057 495 1094 irreligiosis
511 1062 538 1087 et
553 1059 771 1095 negligentibus
790 1068 847 1097 pro
868 1061 941 1088 vitio
956 1068 1011 1088 suo

231 1103 369 1132 recedere
395 1104 502 1134 dicitur
530 1107 604 1134 Deus
619 1127 628 1140 ,
651 1109 681 1134 et
701 1107 740 1135 ad
765 1107 840 1135 alios
864 1107 1010 1136 transire:

231 1151 315 1187 quod
334 1159 396 1180 non
416 1152 551 1180 localiter
574 1156 624 1180 aut
642 1153 813 1189 visibiliter,
836 1154 889 1182 sed
912 1154 1012 1182 invisi-

230 1197 347 1232 biliter,
368 1199 486 1227 occulto
507 1200 646 1236 justoque
667 1200 802 1235 judicio,
825 1201 920 1229 facere
943 1209 1012 1228 con-

231 1245 336 1273 suevit.
501 1273 510 1281 .

268 1293 429 1322 Ambulare
450 1294 557 1322 dicitur
572 1296 664 1329 Deus,
681 1303 742 1323 non
764 1295 801 1323 de
823 1295 891 1323 loeo
912 1296 951 1323 ad
971 1296 1012 1323 lo-

233 1349 302 1368 cum
317 1341 515 1376 transeundo,
532 1341 603 1378 qu-ia
617 1341 743 1378 impium
761 1345 804 1370 est
818 1342 858 1370 ita
873 1342 1010 1377 credere;

231 1387 284 1415 sed
306 1387 470 1416 ambulatio
491 1389 554 1423 ejus
569 1391 610 1416 est
632 1389 662 1416 in
679 1388 820 1417 cordibus
842 1391 1013 1416 sanctorum

232 1434 406 1468 delectatio,
422 1434 497 1462 sicut
519 1435 660 1470 scriptum
675 1437 718 1463 est
733 1435 743 1450 ²
757 1445 763 1462 :
782 1437 816 1463 Et
842 1436 968 1463 habitabo
984 1438 1013 1463 in

231 1483 285 1513 ets,
301 1485 326 1508 et
342 1482 501 1517 ambulabo,
517 1485 542 1509 ct
567 1490 610 1510 ero
629 1483 740 1509 illorum
762 1484 841 1509 Deus.
859 1482 909 1510 Vel
937 1485 1013 1510 certe

231 1528 386 1556 ambulare
412 1528 459 1556 Dei
489 1531 531 1556 est
558 1529 589 1556 in
614 1529 722 1556 sanctis
747 1528 1012 1565 praedicationibus

232 1575 292 1603 suis
309 1575 346 1603 de
361 1575 428 1604 loco
445 1575 483 1603 ad
499 1576 600 1603 locum
615 1575 748 1603 transire.

269 1623 360 1658 Loqui
383 1622 430 1650 Dei
454 1624 496 1649 cst
518 1622 725 1657 invisibiliter,
743 1623 805 1650 sinc
821 1631 896 1651 sono
914 1623 1012 1657 vocis,

233 1669 281 1696 vel
295 1669 430 1705 quolibet
445 1669 582 1705 strepitu,
598 1670 711 1697 oveulte
733 1670 763 1697 in
784 1670 933 1697 mentibus
945 1678 1013 1697 sau-

234 1718 349 1743 ctorum
370 1716 552 1743 voluntatem
570 1724 671 1751 suam,
687 1720 775 1753 atque
799 1720 912 1745 rectum
932 1717 1013 1744 intel-

233 1762 341 1790 lectum
356 1762 518 1798 inspirare,
532 1763 593 1790 sive
618 1763 732 1797 futura,
757 1764 831 1791 sicut
854 1764 884 1791 in
906 1763 1012 1791 sanctis

234 1809 403 1845 prophetis,
419 1809 561 1837 revelare.
588 1810 656 1843 Quae
679 1810 790 1838 locutio
816 1810 879 1843 Dei,
896 1813 926 1837 ut
947 1810 1013 1845 qui-

235 1856 306 1883 dam
330 1856 459 1890 volunt,
486 1857 580 1884 tribus
612 1857 710 1885 modis
737 1857 890 1893 accipitur.
917 1857 1013 1884 Primo

236 1911 367 1939 namque
382 1903 489 1938 modo,
506 1912 559 1939 per
583 1904 746 1939 subjectam
770 1906 937 1932 creaturam
949 1925 958 1938 ,
975 1904 1012 1931 si-

237 1951 286 1977 cut
314 1949 352 1977 ad
379 1952 497 1986 Moysen
529 1950 558 1977 in
592 1950 669 1978 rubo
698 1950 727 1978 in
759 1950 827 1986 igne
857 1950 1013 1986 apparuit,

237 1997 284 2024 vel
313 1997 388 2024 sicut
410 1997 560 2025 Abraham
582 2000 671 2032 atque
695 1998 807 2032 Jacob,
836 2000 863 2025 et
888 1997 1013 2031 caeteris,

236 2043 346 2079 quibus
380 2044 410 2071 in
446 2044 560 2079 angelis
592 2045 742 2080 apparuit.
779 2043 915 2072 Secundo
944 2052 1014 2071 vero

236 2091 347 2125 modo,
364 2091 394 2118 in
413 2091 539 2126 somnis,
563 2091 637 2118 sicut
657 2091 696 2118 ad
717 2091 808 2118 Jacob
821 2112 830 2124 ‚
851 2093 878 2118 et
901 2090 940 2118 ad
966 2092 1015 2118 Za-

237 2138 369 2165 chariam
390 2139 568 2174 prophetam
584 2159 592 2172 ‚
617 2140 645 2166 et
675 2138 715 2165 ad
737 2137 845 2173 Josepb
872 2145 1016 2173 sponsum

239 2185 350 2219 Mariua,
365 2187 392 2212 ct
405 2185 479 2212 alios
494 2187 621 2219 sanctos,
636 2185 746 2220 quibus
760 2187 871 2212 secreta
884 2183 1016 2211 revelare

238 2231 341 2258 voluit.
362 2232 456 2258 Tertio
472 2233 571 2258 autem
586 2231 678 2258 modo
690 2251 698 2264 ,
715 2239 811 2266 neque
832 2238 885 2266 per
905 2232 1017 2258 creatu-

238 2286 303 2305 ram
326 2278 493 2311 visibilem,
508 2285 605 2312 neque
626 2285 679 2312 per
703 2276 873 2310 hominem,
895 2276 946 2303 sed
970 2284 1017 2303 oc-

240 2325 318 2352 culta
348 2327 459 2352 tantum
492 2323 684 2359 inspiratione
712 2322 899 2350 invisibiliter
927 2322 1018 2350 corda

241 2379 346 2399 eorum
361 2371 528 2406 tangendo,
544 2370 699 2405 loquentes
722 2369 825 2403 efficit,
844 2369 917 2397 sicut
932 2369 962 2396 in
984 2369 1017 2395 li-

241 2418 302 2445 bris
325 2418 538 2453 Prophetarum
560 2417 701 2452 scriptum
725 2419 781 2449 est,
798 2424 866 2444 cum
887 2416 926 2443 ibi
949 2423 1017 2451 pro-

240 2465 335 2500 phetae
357 2464 456 2492 subito
477 2464 568 2491 afflati
584 2463 691 2499 Spiritu
711 2466 812 2491 saneto
828 2463 1018 2496 clamabant,

243 2511 373 2539 dicentes
390 2521 396 2538 ι
416 2512 477 2537 Hire
493 2511 561 2537 dicit
578 2511 717 2536 Dominus.

280 2558 329 2585 Dei
344 2558 461 2591 videre,
485 2560 527 2585 est
550 2559 615 2584 acta
639 2557 719 2584 bona
739 2556 924 2592 approbare,
947 2555 1021 2582 sicut

277 2632 398 2659 'Hebrum
421 2638 464 2662 iu,
486 2633 508 2655 G.
529 2644 555 2648 ——
576 2631 583 2644 ²
599 2630 687 2659 Lei-it„
707 2636 782 2660 xxvi,
801 2632 842 2656 122
865 2630 881 2653 ΙΙ
902 2629 969 2657 Cor„
986 2635 1020 2658 vi,

247 2668 282 2690 iti.
300 2680 325 2683 -
351 2667 360 2682 ³
383 2667 492 2696 Gen.,1‚
508 2667 547 2690 31.
572 2679 603 2684 -
624 2666 633 2682 ⁸
650 2666 709 2696 isa„
730 2671 786 2696 Lxx,
810 2667 898 2689 15.—
918 2666 928 2681 ὃ
951 2664 1019 2688 Psal.

276 2703 309 2733 (a)
322 2703 421 2734 Suppl„
433 2710 519 2734 quam.
530 2717 555 2720 —
570 2702 603 2733 (b)
618 2702 674 2732 Ley.
690 2702 831 2732 prmviis.—
844 2702 900 2732 [κῃ.
912 2703 1020 2725 mutare.

820 236 961 270 SUMMA
981 235 1032 268 DE
1052 233 1259 267 ESSENTIA.

1068 305 1110 332 est
1122 302 1251 340 reperire
1266 302 1299 330 in
1308 302 1428 338 Genesi,
1441 302 1495 331 ubi
1509 302 1617 331 dicitur
1627 304 1639 322 ⁸
1654 311 1662 331 :
1679 304 1760 334 Vidit
1772 306 1844 334 Deus

1066 353 1162 378 cuncta
1178 358 1239 385 φη
1255 351 1376 385 fecerat,
1391 351 1417 378 et
1431 352 1508 378 erant
1528 351 1608 378 ualde
1629 351 1715 386 bona,
1735 351 1767 380 id
1781 353 1825 381 est
1833 372 1844 387 ,

1065 397 1298 433 intelligentibus
1315 396 1399 425 bona
1417 404 1480 425 esse
1501 396 1724 426 demonstravit.
1742 398 1844 434 Aliter,

1065 444 1170 472 videre
1187 443 1238 472 Dei
1257 445 1300 471 est
1317 443 1399 472 mala
1415 443 1574 472 hominum
1597 444 1719 473 sciendo
1741 452 1845 481 repro-

1066 491 1139 519 bare
1151 512 1160 526 ‚
1180 490 1256 518 sicut
1280 491 1324 518 est
1346 489 1422 518 iilud
1441 490 1473 518 in
1495 491 1571 520 isaia
1595 491 1742 528 propheta
1755 492 1766 508 ⁸
1786 501 1795 519 :
1809 492 1847 520 Et

1066 538 1140 566 vidit
1156 539 1235 572 Deus,
1247 540 1273 566 et
1287 539 1420 574 apparuit
1432 539 1535 566 matum
1546 540 1577 566 in
1592 539 1676 566 acidis
1690 539 1758 574 ejus.
1774 539 1846 568 item

1067 585 1167 620 aliter,
1181 584 1285 613 videre
1298 585 1349 612 Dei
1372 587 1416 613 est
1438 592 1495 613 nos
1517 584 1652 613 videntes
1676 584 1792 621 facere,
1815 587 1846 614 ut

1068 634 1111 660 est
1123 632 1255 668 reperire
1273 632 1304 660 in
1323 631 1462 660 Psalmo⁵
1484 642 1492 659 :
1512 633 1600 660 Proba
1621 640 1663 660 me
1675 653 1684 667 ,
1708 633 1799 668 Deus,
1819 635 1846 660 et

1066 681 1134 707 scito
1158 687 1203 707 cor
1224 687 1328 712 meum,
1352 681 1408 707 etc.
1431 678 1536 706 Modus
1556 678 1609 707 iste
1633 678 1792 707 locutionis
1814 679 1846 706 in

1067 725 1146 754 libro
1160 725 1239 754 beati
1253 725 1309 754 Job
1333 725 1468 754 similiter
1487 725 1650 763 reperitur,
1672 725 1725 754 ubi
1744 725 1782 754 de
1803 733 1847 753 sa-

1067 773 1179 809 pientia
1192 772 1242 800 Dei
1257 772 1363 807 Patris,
1381 774 1543 808 postquam
1560 773 1593 800 in
1610 772 1709 808 figura
1729 772 1847 801 locutus

1067 822 1110 848 est
1123 819 1161 847 <le
1177 821 1236 847 Deo
1249 821 1348 852 Patre,
1363 818 1500 854 adjunxit
1513 819 1526 837 ⁰
1541 827 1548 847 ε
1567 816 1640 855 Tunc
1659 819 1734 848 vidit
1748 820 1846 853 illam,

1067 870 1093 894 cc
1115 868 1256 894 enarravit
1271 887 1280 899 ,
1303 868 1329 893 et
1351 866 1550 900 investigavit,
1569 868 1596 893 et
1613 868 1800 902 [πίεραι-ανῆ,
1815 865 1847 894 id

1068 916 1128 948 est,
1144 912 1278 940 videntes
1291 912 1360 940 fecit
1373 914 1462 948 atque
1477 912 1672 948 praedicantes
1683 933 1691 947 ‚
1707 915 1735 940 et
1747 912 1847 940 inves—

1067 961 1192 996 tigantes
1202 980 1212 994 ‚
1227 962 1315 996 atque
1330 959 1396 987 aliis
1411 959 1618 987 annuntiantes
1631 980 1638 991 ‚
1652 962 1705 987 etc.

1103 1008 1289 1042 Cognoscere
1307 1006 1372 1040 Dei,
1387 1008 1430 1034 est
1449 1008 1662 1041 cognoscentes
1677 1006 1789 1042 facere,
1805 1006 1845 1034 si-

1068 1056 1116 1082 cut
1131 1054 1171 1082 ait
1185 1053 1223 1081 ad
1239 1053 1408 1081 Abraham⁷
1426 1062 1432 1080 :
1448 1054 1528 1081 Nunc
1541 1055 1651 1088 cognovi
1665 1053 1737 1088 quod
1750 1054 1846 1081 timeas

1070 1103 1163 1129 Deum.
1185 1103 1286 1136 Neque
1306 1100 1386 1128 enim
1406 1100 1437 1127 in
1461 1102 1594 1136 tempore
1614 1100 1711 1134 novit,
1727 1100 1779 1136 qui
1794 1100 1848 1128 scit

1069 1147 1170 1176 omnia
1190 1149 1351 1184 antequam
1365 1146 1438 1175 fiant
1447 1156 1455 1182 ς
1472 1146 1526 1175 sed
1546 1154 1727 1182 cognoscere
1742 1146 1791 1175 Dei
1806 1146 1848 1174 di-

1069 1195 1144 1223 citur
1165 1195 1380 1230 cognoscentes
1395 1194 1506 1228 facere,
1523 1196 1555 1221 ut
1579 1194 1629 1230 qui
1646 1193 1729 1230 prius
1744 1193 1782 1221 de
1796 1201 1827 1222 se
1838 1215 1848 1230 ,

1069 1241 1172 1278 quales
1183 1242 1295 1274 essent,
1311 1240 1453 1276 incogniti
1469 1243 1567 1275 erant,
1582 1248 1636 1276 per
1651 1241 1715 1276 ejus
1729 1241 1850 1269 interro-

1069 1289 1221 1324 gationem
1236 1290 1264 1316 et
1277 1287 1506 1324 probationem,
1524 1287 1629 1323 quales
1647 1289 1763 1321 essent,
1779 1286 1849 1315 sihi-

1068 1335 1202 1372 metipsis
1216 1334 1363 1362 manifesti
1378 1334 1490 1362 fierent.
1507 1333 1574 1362 Tale
1595 1335 1637 1361 est
1652 1333 1726 1361 illud
1741 1334 1771 1361 in
1784 1333 1850 1369 lege

1068 1382 1160 1418 Moysi
1177 1382 1214 1409 de
1236 1381 1351 1418 populo
1373 1380 1530 1408 israelitico
1541 1381 1551 1397 ⁸
1567 1389 1573 1408 z
1593 1381 1707 1408 Tentabo
1723 1388 1784 1413 eos,
1806 1380 1850 1408 in-

1069 1429 1148 1465 quit,
1166 1432 1259 1456 utrum
1275 1428 1430 1455 custodiant
1442 1427 1718 1462 mandatum-meum,
1734 1435 1769 1454 an
1786 1435 1847 1455 non.

1106 1475 1222 1503 Nescire
1237 1473 1344 1502 dicitur
1360 1475 1435 1501 Deus
1447 1495 1454 1507 ‚
1470 1473 1627 1510 quoddam
1645 1473 1792 1510 reprobos
1806 1482 1850 1502 re-

1069 1522 1198 1558 probare
1213 1542 1222 1556 ‚
1237 1522 1311 1549 sicut
1333 1523 1375 1549 est
1394 1520 1469 1549 illud
1489 1520 1519 1548 in
1535 1520 1694 1556 Evangelio
1706 1521 1717 1536 ⁹
1733 1529 1739 1547 :
1755 1522 1850 1549 Nescio

1070 1569 1140 1596 mule
1164 1571 1236 1596 sitis.
1265 1568 1388 1595 Recedite
1402 1576 1419 1594 a
1442 1576 1483 1595 me
1506 1575 1608 1599 omues,
1629 1569 1678 1602 qui
1699 1568 1851 1602 operamini

1070 1618 1258 1651 iniquitatem.

1105 1662 1202 1690 Zelare
1219 1661 1329 1689 dicitur
1344 1663 1432 1695 DeuS,
1447 1669 1515 1688 cum
1530 1663 1694 1688 creaturam
1712 1669 1796 1688 suam
1814 1661 1848 1696 (a)

1069 1717 1130 1737 non
1146 1708 1209 1736 vult
1227 1708 1339 1744 perire,
1356 1715 1432 1743 saepe
1453 1707 1588 1742 castigat,
1606 1707 1744 1743 corripit,
1759 1710 1848 1743 atque

1069 1755 1217 1790 flagellat,
1233 1758 1259 1782 et
1279 1754 1461 1789 flagellando
1482 1753 1521 1781 ad
1541 1762 1571 1781 se
1589 1753 1711 1781 reducit.
1729 1753 1780 1781 Vel
1803 1762 1849 1781 ze-

1070 1803 1131 1830 lare
1147 1802 1254 1829 dieitur
1274 1803 1365 1835 Deus,
1387 1809 1455 1828 cum
1476 1800 1592 1828 nultum
1616 1803 1771 1836 peccatum
1794 1801 1849 1828 im-

1070 1850 1206 1885 punitum
1230 1848 1294 1876 vult
1317 1848 1496 1883 relinquere.
1520 1849 1616 1874 Justus
1640 1847 1718 1875 enim
1743 1849 1800 1879 est,
1823 1849 1851 1874 et

1072 1897 1139 1924 ideo
1156 1895 1253 1923 omnis
1269 1895 1410 1929 injustitia
1424 1894 1598 1922 execrabilis
1613 1897 1654 1921 est
1668 1893 1728 1928 illi,
1745 1902 1849 1930 quam,

1070 1946 1101 1971 ut
1115 1943 1227 1970 dictum
1247 1944 1289 1970 cst
1301 1963 1309 1976 ‚
1326 1941 1408 1969 nullo
1424 1942 1517 1969 modo
1538 1940 1716 1977 impunitam
1731 1941 1848 1976 patitur.

1109 1989 1193 2018 irasci
1221 1989 1327 2016 dicitur
1356 1990 1431 2016 Deus
1459 1996 1521 2016 nou
1550 1988 1655 2016 animae
1680 1991 1778 2022 motu,
1802 1988 1850 2016 vel

1071 2037 1206 2073 qualibet
1220 2035 1442 2072 perturbatione
1453 2057 1461 2070 ,
1478 2035 1561 2071 quod
1578 2035 1620 2062 illi
1636 2034 1759 2062 omnino
1774 2034 1850 2062 acci-

1072 2084 1141 2112 dere
1157 2091 1218 2111 non
1239 2084 1350 2118 potest;
1367 2081 1419 2110 sed
1442 2084 1581 2110 creaturae
1601 2081 1805 2117 delinquenti,
1820 2081 1850 2108 id

1072 2134 1114 2159 est
1134 2130 1308 2159 hominibus
1330 2129 1430 2164 impiis
1451 2131 1478 2157 et
1501 2128 1706 2164 peccatoribus
1720 2149 1728 2161 ,
1741 2128 1850 2163 justam

1073 2178 1178 2205 dicitur
1200 2177 1306 2204 inferre
1323 2175 1484 2209 ultionem,
1504 2175 1561 2201 hoc
1577 2177 1634 2207 est,
1651 2174 1774 2202 reddere
1794 2173 1851 2201 illis

1073 2233 1139 2260 quae
1154 2226 1313 2251 merentur.
1329 2224 1361 2249 Et
1374 2222 1432 2249 hoc
1446 2223 1488 2249 est
1505 2221 1578 2248 ultio
1599 2220 1701 2248 divina
1712 2241 1721 2254 ,
1737 2220 1789 2248 iste
1805 2220 1850 2247 fu—

1072 2279 1122 2299 ror
1138 2271 1200 2305 ejus
1216 2269 1332 2296 dicitur.

1110 2317 1250 2345 Poenitere
1274 2315 1380 2342 dicitur
1397 2315 1488 2348 Deus,
1502 2322 1562 2342 non
1588 2314 1670 2350 quod
1693 2322 1775 2342 more
1798 2314 1850 2341 ho-

1074 2365 1188 2392 miuum
1217 2363 1254 2390 dc
1275 2361 1427 2389 transactis
1453 2361 1596 2396 operibus
1621 2361 1760 2396 poeniteat
1777 2370 1783 2388 :
1800 2361 1850 2396 qui

1075 2411 1153 2439 euim
1178 2409 1279 2437 omnia
1302 2408 1385 2436 novit
1408 2410 1570 2443 autequam
1595 2407 1667 2435 fiant
1683 2428 1691 2441 ‚
1712 2415 1767 2442 pro
1792 2407 1851 2434 suis

1075 2458 1174 2494 pravis
1192 2456 1224 2491 (b)
1237 2455 1352 2482 actibus
1367 2455 1507 2490 poenitere
1523 2462 1583 2481 non
1599 2456 1703 2489 potest.
1720 2453 1775 2480 Sed
1790 2462 1852 2489 po*-

1076 2503 1196 2532 uitentia
1215 2502 1264 2529 Dei
1288 2503 1330 2528 est
1353 2503 1458 2528 statuta
1479 2503 1610 2534 mutare,
1627 2502 1655 2528 et
1670 2499 1751 2535 quod
1770 2499 1853 2535 prius

1076 2551 1247 2579 inchoatum
1263 2551 1306 2575 cst
1317 2569 1325 2581 ,
1341 2548 1371 2575 in
1395 2547 1510 2583 aliquid
1525 2547 1632 2574 mutari
1650 2546 1692 2581 (tt),
1709 2546 1739 2573 id
1755 2548 1797 2573 est
1817 2554 1854 2574 ex

1077 2599 1174 2631 bono,
1189 2595 1375 2630 exigentibus
1396 2595 1507 2630 culpis,
1532 2594 1561 2620 in
1586 2593 1710 2626 malum,
1724 2593 1797 2620 sicut
1817 2592 1853 2620 de

1078 2666 1206 2689 cxxxviii,
1222 2660 1260 2683 23.
1274 2671 1304 2676 -—-
1319 2660 1327 2670 ·‘·
1342 2658 1395 2688 lob,
1412 2663 1505 2687 xxviii,
1520 2658 1600 2680 21—
1621 2658 1627 2670 7
1645 2657 1717 2686 Gen„
1732 2662 1797 2686 xxu,
1814 2657 1852 2680 ¹2.

1080 2711 1105 2715 -
1119 2697 1130 2713 ⁸
1141 2695 1232 2723 Exod„
1249 2700 1303 2724 xvi,
1317 2695 1338 2718 4.
1352 2707 1383 2711 —
1397 2694 1406 2707 ⁹
1422 2693 1523 2721 Mutila„
1537 2698 1582 2723 vu,
1596 2694 1624 2717 23
1635 2700 1641 2722 3
1654 2693 1723 2722 Luc..
1738 2698 1798 2722 xiii,
1814 2693 1851 2716 27.

1870 1019 1968 1045 Cognos-

1859 1055 1918 1071 cero.

1865 1487 1963 1508 Nescire.

1885 1667 1969 1689 zelare.

1897 2000 1971 2022 irasci.

1899 2329 1972 2349 Poeni-

1875 2362 1932 2385 tere,
1942 2362 1964 2380 et

1867 2397 1909 2411 uon
1925 2397 1972 2417 poe-

1868 2421 1945 2443 nitere.
