2004 3037
220 237 282 268 6¹8

219 305 322 335 tamen
341 302 398 332 ista
421 301 563 332 facientes
581 301 765 332 fermitatem
784 301 913 340 pectoris
936 302 1001 338 ejus

219 349 356 386 mitigare
368 356 431 378 non
443 350 591 386 poterant.
608 349 716 382 ludim,
732 357 775 379 ιιι.

255 396 329 432 Quia
343 395 546 426 Mardochaeus
559 396 773 434 superbissimo
793 398 889 426 Amen
903 403 1002 432 genua

219 451 282 473 non
292 443 441 480 flectebat,
454 444 552 480 magis
566 443 656 481 elegit
664 445 759 473 Aman
768 451 874 473 omnes
881 443 1002 472 sudaeos

219 498 382 528 procurare
413 490 531 528 occidi,
564 499 658 528 quam
691 498 816 528 parcere
847 490 900 519 uni
932 489 1000 519 soli.

220 539 313 575 Esth„
328 545 371 568 ιιι.

256 586 302 615 Λᾶ
320 584 495 623 petitionem
518 584 690 622 principum
711 585 840 622 populi,
863 583 1004 622 praecepit

221 633 359 662 sedecias
371 641 425 662 rex
437 632 514 662 luda
534 632 712 662 Hieremiam
731 632 912 670 prophetam
925 631 1003 660 mitti

221 680 252 709 in
275 680 375 709 lacum
384 701 394 716 ,
407 680 439 709 in
454 688 515 717 quo
536 687 599 710 non
621 681 684 709 erat
701 687 781 716 aqua
791 701 802 715 ,
815 679 870 708 sed
884 679 981 708 lutum
992 700 1002 715 ,

221 729 352 763 Hierem„
377 735 500 757 xxxvm.

257 776 319 804 Rex
339 774 500 811 Babylonis
523 774 631 803 occidit
656 773 735 802 filios
763 773 892 802 Sedeciae
925 773 1004 810 regis

221 822 306 855 suda,
319 822 351 850 in
359 822 455 850 oculis
464 822 539 858 ejus,
551 821 583 850 in
592 820 736 855 Reblatha
745 829 754 856 3
766 820 871 849 oculos
881 827 1004 857 quoque

223 870 286 905 ejus
299 868 386 904 eruit,
401 870 430 897 et
440 868 535 896 vinxit
548 875 617 896 eum
632 866 847 904 compedibus,
862 869 895 896 ut
909 867 1004 895 addu-

223 918 339 945 ceretur
353 916 384 944 in
400 915 595 952 Babylonem.
611 916 744 950 Hier-em„
758 923 858 943 xxxix.

258 963 537 992 Nabuchodonosor
557 971 610 992 rex
630 962 792 1000 Babylonis
816 963 846 991 in
871 962 1005 991 furorem

223 1019 326 1040 versus
353 1010 513 1047 proeeepit,
537 1012 570 1039 ut
600 1009 806 1039 occiderentur
829 1017 934 1038 omnes
957 1017 1004 1038 sa-

223 1059 337 1095 pientes
358 1057 532 1094 Babylonis,
554 1065 610 1094 pro
633 1065 669 1086 eo
698 1056 809 1085 scilicet
833 1056 917 1094 quod
941 1063 1005 1085 non

222 1106 360 1142 poterant
373 1105 400 1134 ei
419 1104 591 1140 somnium,
606 1104 690 1141 quod
709 1103 844 1139 viderat,
858 1103 1003 1132 indicare.

224 1154 351 1187 Dan.,11.

259 1200 330 1229 Mira
351 1199 511 1228 crudelitas
535 1198 606 1235 fuit,
632 1207 701 1228 cum
724 1197 1006 1227 Nabuchodonosor

223 1255 275 1276 rex
293 1247 453 1284 Babylonis
468 1246 536 1275 fecit
550 1247 647 1275 socios
667 1245 793 1275 Danielis
808 1245 884 1274 mitti
899 1245 930 1273 in
944 1245 1004 1273 for-

223 1302 328 1323 nacem
343 1294 419 1330 ignis
433 1294 573 1323 ardentis.
591 1295 675 1329 Dan„
693 1302 734 1322 ιιι.

259 1342 418 1371 Antiochus
440 1340 574 1369 ascendit
603 1340 856 1377 Hierosolymam,
884 1341 913 1368 et
938 1339 1006 1368 fecit

224 1389 337 1418 caedem
352 1389 529 1424 hominum3
545 1390 652 1425 etpost
665 1388 787 1416 dicitur:
807 1397 820 1413 α
834 1387 1008 1416 Effuderunt

224 1436 401 1472 sanguinem
429 1436 617 1464 innocentem
640 1443 693 1472 per
721 1435 876 1463 circuitum
901 1434 1006 1462 sancti-

224 1483 381 1513 ficationis.
401 1493 414 1509 ι)
443 1485 474 1511 Et
488 1483 583 1511 multa
598 1482 738 1518 leguntur
761 1482 813 1510 ibi.
832 1484 838 1510 Ι
855 1483 944 1510 Maca.
958 1503 966 1516 ‚
987 1490 1005 1510 ι.

261 1530 492 1567 comprehendit
525 1530 671 1558 exercitus
702 1529 879 1557 Antiochum
912 1529 1007 1557 filium

225 1578 377 1612 Antiochi,
393 1580 422 1606 et
440 1577 573 1614 Lysiam,
590 1579 618 1605 et
633 1576 760 1605 adduxit
784 1584 836 1605 eos
851 1576 890 1604 nd
905 1578 1007 1604 Deme-

226 1626 337 1654 trium:
363 1625 414 1661 qui
434 1624 529 1652 noluit
553 1632 604 1652 eos
632 1624 748 1659 videre;
773 1625 801 1652 et
829 1623 937 1652 occidit
958 1631 1008 1652 eos

227 1672 380 1702 exercitus.
395 1674 403 1700 l
419 1673 518 1706 Maeli„
531 1680 579 1700 vu.

262 1719 401 1757 Tryphon
417 1719 493 1756 cepit
511 1718 658 1747 Jonathan
673 1718 837 1754 proditorie
849 1740 857 1753 ‚
879 1726 1009 1754 cunique

228 1769 354 1802 teneret,
370 1767 452 1803 petiit
471 1775 525 1802 pro
551 1766 614 1801 ejus
629 1765 806 1794 liberatione
826 1767 944 1793 centum
964 1767 1008 1793 ta-

228 1815 308 1843 lenta
319 1814 443 1850 argenti,
455 1816 483 1842 et
497 1814 574 1842 duos
590 1813 667 1842 filios
683 1814 745 1848 ejus
761 1822 815 1849 pro
832 1813 1008 1841 obsidibus:

229 1871 306 1899 quos
333 1870 401 1890 rum
429 1862 562 1896 liaberet,
591 1861 771 1897 nequissime
797 1863 912 1896 patrem
941 1867 1010 1888 cum

230 1910 350 1938 duobus
364 1909 431 1937 filiis
446 1908 564 1936 occidit.
577 1909 586 1936 1
602 1909 702 1943 Maeli„
717 1916 778 1935 xiii.

266 1958 396 1992 Rogatus
417 1964 435 1984 a
455 1955 587 1984 Menelao
607 1955 812 1989 Andronicus,
827 1956 855 1982 et
876 1962 928 1990 per
947 1962 1012 1982 mu-

230 2012 312 2038 nera,
327 2011 395 2040 quae
407 2003 483 2039 cepit
496 2003 534 2030 ab
546 2010 593 2036 eo,
604 2004 772 2038 corruptus
787 2002 896 2030 occidit
906 2001 1011 2030 Oniam

230 2059 381 2080 summum
396 2049 591 2078 sacerdotem.
610 2051 629 2078 ΙΙ
645 2050 747 2083 Maeli„
764 2057 803 2077 ιν.

267 2100 328 2126 Rex
355 2097 516 2126 Antiochus
540 2096 719 2131 Menelaum,
746 2096 898 2124 hominem
924 2095 1012 2123 sucri-

231 2146 347 2181 legum,
363 2144 401 2172 de
425 2144 526 2172 multis
544 2143 706 2171 sceleribus
728 2145 898 2171 accusatum
913 2143 1012 2171 absol-

231 2194 288 2227 vit,
317 2194 346 2220 et
370 2194 555 2220 accusatores
582 2191 646 2226 ejus
671 2193 766 2218 morte
796 2190 958 2218 damnavit.
989 2190 1011 2218 lt

232 2240 332 2274 Mach„
349 2248 386 2267 iv.

268 2286 394 2314 Nimium
424 2285 627 2313 crudelitatem
655 2286 850 2312 exercuerunt
873 2284 903 2312 in
933 2284 1014 2312 Elea-

233 2342 333 2362 zarum
351 2333 393 2360 illi
408 2332 526 2369 tyranni
542 2332 580 2360 ab
597 2332 738 2360 Antiocho
755 2332 835 2360 missi
848 2353 856 2367 ,
872 2333 893 2360 ll
909 2332 1012 2367 illac-ln,

234 2389 262 2409 vi
274 2391 281 2416 ;
297 2382 325 2408 et
339 2380 472 2408 similiter
484 2379 515 2407 in
528 2380 641 2414 septem
656 2378 724 2407 illos
736 2378 852 2412 fratres,
865 2381 892 2407 et
908 2386 1013 2406 eorum

235 2429 371 2462 matrem,
390 2429 410 2456 ll
428 2427 534 2462 Moch„
550 2434 600 2454 vu.

271 2474 400 2503 Herodes
414 2474 519 2502 videns
543 2473 626 2509 quod
649 2472 752 2500 illusus
774 2474 849 2501 esset
864 2481 881 2501 a
903 2474 1011 2509 lilingis,

235 2522 325 2550 iratus
340 2524 382 2549 est
395 2521 484 2549 valde
495 2542 504 2556 ‚
521 2522 548 2548 et
564 2520 679 2548 mittens
695 2520 803 2548 oceidit
820 2529 924 2548 omnes
939 2529 1013 2556 pue-

236 2577 296 2603 ros,
308 2569 358 2604 qui
375 2570 457 2596 erant
472 2569 501 2595 in
517 2567 697 2601 Bethlehem,
713 2567 782 2595 etin
798 2568 938 2595 omnibus
949 2568 1014 2595 tini-

237 2615 292 2643 bus
308 2616 371 2651 ejus
385 2624 403 2643 a
418 2615 548 2650 bimatu,
564 2613 689 2642 etinfra.
708 2615 822 2649 Mami„
834 2623 864 2649 ιι,
881 2616 923 2643 m.

273 2662 388 2691 Sciebat
411 2662 540 2690 Herodes
564 2661 707 2689 tetrarcha
735 2663 879 2690 Joannem
906 2662 1014 2697 Baptis-

238 2711 298 2736 tum
321 2717 383 2736 esse
403 2709 501 2737 virum
519 2709 631 2744 Justum
656 2710 684 2735 et
707 2711 857 2743 sanctium
875 2711 1013 2737 ettamen

831 233 968 266 BIBLIA
989 232 1221 266 PAUPERUM.

1056 301 1098 331 ad
1122 301 1299 339 petitionem
1325 302 1415 333 unius
1435 304 1599 334 mereuicis
1621 305 1691 335 tecit
1711 312 1784 336 enm
1806 305 1840 336 in

1057 355 1176 378 carcere
1190 349 1345 380 decollari.
1359 351 1474 387 Manli„
1488 359 1560 388 xrv3
1575 352 1678 388 Marc„
1692 360 1731 382 vr.

1094 398 1286 426 Accesserunt
1317 396 1358 426 ad
1390 398 1551 428 nominum
1581 400 1683 428 lesum
1714 398 1840 436 quidam

1057 443 1290 480 Pharisaeorum,
1314 443 1466 474 dicentes:
1484 455 1506 485 μ
1527 445 1580 475 Exi
1604 447 1634 475 et
1652 445 1732 476 vade
1751 445 1841 482 hinc,

1058 491 1131 529 quia
1148 491 1278 521 Herodes
1292 491 1357 520 vult
1374 493 1402 521 te
1417 492 1565 522 occidere.
1582 503 1597 520 r
1614 493 1679 522 Luc.
1691 515 1700 527 .
1715 501 1779 530 xm,
1794 494 1839 523 3¹.

1095 538 1225 568 Herodes
1242 539 1390 568 tetrarcha
1410 539 1506 570 multo
1521 541 1658 578 tempore
1678 540 1782 570 videre
1795 541 1842 570 Je-

1059 593 1127 615 sum
1140 585 1294 623 cupiebat5
1314 588 1343 616 et
1363 586 1427 616 viso
1448 595 1484 616 eo
1499 587 1621 624 gavisus
1635 589 1678 617 est
1689 587 1797 618 valde:
1814 589 1844 618 et

1060 635 1159 662 tamen
1173 633 1286 670 sprevit
1301 641 1371 662 eum
1390 642 1460 663 cum
1473 634 1604 664 exercitu
1617 643 1690 671 suo,
1709 636 1738 664 et
1750 634 1843 665 illusit

1059 680 1199 709 indutum
1216 680 1248 709 in
1267 683 1348 710 veste
1368 680 1456 717 alba,
1472 683 1501 711 et
1514 681 1628 711 remisit
1641 681 1682 711 ad
1702 682 1841 712 Pilatum.

1058 729 1135 763 Luc„
1149 735 1234 764 mn.

1100 774 1196 804 «Misit
1210 773 1341 803 Herodes
1363 774 1495 812 Agrippa
1508 782 1561 804 rex
1583 776 1633 812 (α),
1653 777 1686 805 ut
1699 775 1845 813 affligeret

1060 821 1210 858 quosdam
1233 821 1271 850 de
1292 821 1438 857 Ecclesia;
1454 822 1563 852 occidit
1578 824 1680 851 autem
1697 823 1844 852 Iacobum

1059 868 1180 898 fratrem
1188 868 1310 897 Ioannis
1321 868 1424 904 gladio
1430 878 1440 904 3
1453 867 1560 898 videns
1569 871 1681 906 autem,
1692 870 1765 907 quia
1776 869 1844 907 pla·

1060 917 1139 944 ceret
1159 915 1279 951 JudoeiS‚
1293 915 1492 952 apprehendit
1512 917 1650 953 Petrum,
1669 917 1699 946 et
1719 916 1800 946 misit
1813 916 1845 946 in

1061 970 1221 992 carcerem.
1236 973 1250 989 »
1268 962 1342 998 Act„
1357 970 1410 998 xu,
1426 963 1485 991 1-4.

1096 1013 1118 1039 A
1142 1009 1325 1046 quibusdam
1348 1009 1534 1046 quaestuariis
1552 1009 1610 1039 ruit
1628 1009 1738 1039 Paulus
1759 1018 1844 1040 men—

1061 1056 1174 1086 daciter
1190 1059 1362 1092 accusatus,
1385 1064 1441 1093 pro
1459 1064 1495 1086 eo
1514 1057 1600 1094 quod
1623 1057 1686 1094 ipse
1709 1057 1845 1095 spiritum

1060 1104 1224 1141 pythonem
1240 1104 1325 1140 eiecit
1339 1112 1358 1133 a
1371 1103 1505 1141 quadam
1518 1104 1639 1141 puella5
1655 1105 1846 1141 magistratus

1061 1154 1160 1180 autem
1182 1152 1334 1188 jusserunt
1357 1159 1441 1187 eum,
1467 1152 1496 1180 et
1517 1151 1609 1180 Silam
1630 1152 1747 1180 socium
1769 1152 1844 1188 ejus,

1061 1198 1152 1234 virgis
1179 1198 1266 1234 caedi,
1287 1200 1315 1227 et
1342 1198 1374 1227 in
1402 1206 1553 1227 carcerem
1581 1198 1670 1234 mitti,
1699 1200 1728 1228 et
1752 1199 1846 1236 pedes

1062 1253 1168 1274 eorum
1184 1245 1266 1282 ligno
1281 1245 1396 1281 stringi.
1412 1245 1488 1281 Act„
1504 1253 1565 1274 xvi.

1100 1294 1181 1322 Felix
1195 1301 1304 1331 praeses
1319 1293 1469 1330 sperabat,
1485 1292 1569 1329 quod
1578 1292 1706 1329 pecunia
1719 1292 1746 1321 ei
1761 1292 1846 1322 dare-

1063 1343 1111 1369 tur
1134 1349 1151 1369 a
1173 1340 1283 1376 Paulo,
1300 1349 1390 1377 quem
1416 1339 1536 1369 tenebat
1558 1340 1708 1376 vinctum3
1725 1342 1847 1377 propter

1063 1388 1146 1424 quod
1175 1387 1347 1424 frequenter
1374 1395 1527 1416 accersens
1551 1395 1638 1422 eum,
1667 1387 1848 1424 loquebatur

1063 1443 1131 1464 cum
1155 1443 1202 1464 eo.
1223 1436 1365 1464 Successit
1385 1436 1485 1463 autem
1506 1434 1533 1463 ei
1553 1435 1670 1470 FestuS,
1691 1436 1720 1463 et
1741 1433 1848 1462 volens

1063 1482 1144 1511 Felix
1167 1483 1293 1517 gratiam
1321 1484 1460 1519 proestare
1488 1480 1614 1517 Judaeis,
1639 1481 1763 1510 Paulum
1786 1488 1848 1509 non

1063 1530 1212 1565 absolvit,
1242 1529 1296 1558 sed
1325 1537 1393 1558 eum
1422 1529 1556 1557 vinctum
1588 1528 1719 1565 reliquit.
1748 1529 1848 1556 Festus

1064 1577 1154 1606 etiam
1171 1577 1261 1613 cor—pit
1279 1576 1377 1605 favere
1394 1576 1519 1612 Judaeis,
1538 1578 1567 1604 et
1588 1576 1696 1604 Paulus
1710 1575 1828 1612 gravari
1838 1585 1847 1611 ;

1063 1626 1222 1661 propterea
1244 1623 1417 1660 compulsus
1446 1625 1490 1652 est
1515 1624 1660 1652 Caesarem
1684 1622 1848 1660 appellare.

1066 1672 1141 1706 Act„
1153 1679 1224 1700 xxlv
1240 1673 1268 1700 ct
1282 1679 1352 1700 xxv.

1338 1762 1480 1797 CAPUT
1511 1762 1580 1796 CX.

1179 1839 1217 1865 De
1236 1839 1407 1873 oppressione
1425 1837 1553 1865 bonorum
1571 1844 1621 1873 per
1639 1836 1735 1864 malos.

1102 1910 1172 1939 Cain
1192 1916 1322 1946 nequam
1339 1910 1367 1936 et
1391 1907 1511 1936 invidus
1530 1907 1687 1944 praevaluit
1706 1907 1850 1937 adversus

1066 1956 1140 1985 Abel
1152 1957 1274 1992 justum,
1293 1957 1320 1983 et
1334 1955 1443 1983 oceidit
1458 1962 1537 1982 eum.
1554 1955 1633 1989 Gen„
1649 1962 1686 1983 iv.

1103 2003 1264 2033 Sodomitae
1292 2002 1424 2030 animam
1448 2002 1519 2039 justi
1551 2002 1624 2031 Loth
1650 2001 1850 2039 multiplieiter

1067 2051 1246 2081 afflixerunt.
1265 2050 1348 2083 Gerr,
1364 2057 1425 2077 xix.

1104 2098 1213 2127 Oderat
1227 2105 1344 2133 semper
1358 2097 1433 2124 Esau
1444 2095 1552 2130 Jacob;
1565 2095 1699 2132 dixitque
1715 2095 1745 2124 in
1760 2096 1850 2125 corde

1067 2153 1122 2174 suo
1139 2154 1145 2173 :
1165 2155 1179 2171 «
1195 2144 1316 2172 venient
1330 2143 1404 2177 dies,
1415 2152 1429 2168 i>
1446 2144 1501 2170 ete.
1519 2143 1596 2178 Gen„
1611 2150 1691 2171 xxvii
1705 2145 1734 2171 et
1748 2151 1848 2172 xxviii.

1103 2192 1233 2221 Oderunt
1254 2191 1332 2219 tilios
1352 2189 1439 2219 lsrael
1462 2190 1607 2226 AEgyptii‚
1627 2192 1655 2217 et
1677 2190 1850 2226 affligebant

1067 2239 1225 2267 illudentes
1245 2239 1302 2272 cis,
1325 2239 1413 2273 atque
1434 2236 1472 2264 ad
1492 2236 1721 2265 amaritudinem
1738 2237 1848 2274 perdu-

1069 2287 1175 2314 cebant
1190 2285 1281 2313 x‘itam
1298 2291 1413 2317 eorum,
1425 2286 1479 2311 etc.
1497 2283 1599 2317 Exod„
1614 2291 1633 2311 1.

1105 2335 1184 2361 L’nus
1199 2332 1318 2369 spurius
1338 2330 1473 2359 ambiens
1497 2330 1695 2366 principatum
1707 2352 1715 2365 ,
1731 2331 1847 2359 Abime-

1070 2381 1134 2409 lech
1147 2380 1257 2407 scilicet
1271 2378 1351 2406 filius
1366 2377 1524 2412 Gedeonis,
1543 2377 1651 2406 occidit
1665 2378 1849 2414 septuaginta

1068 2428 1172 2457 fratres
1188 2435 1266 2455 suos.
1281 2425 1384 2459 Judic„
1401 2432 1440 2452 ix.

1105 2474 1173 2503 Saul
1197 2474 1249 2502 diu
1272 2474 1444 2509 persecutus
1468 2472 1511 2499 est
1533 2470 1646 2506 David,
1675 2471 1726 2507 qui
1752 2473 1848 2500 tamen

1070 2521 1197 2550 fideliter
1220 2520 1246 2549 ei
1270 2522 1298 2548 et
1312 2519 1423 2547 utiliter
1446 2518 1628 2547 serviebat.1
1649 2519 1731 2554 Req„
1747 2527 1807 2547 xvir
1822 2521 1851 2547 et

1071 2569 1224 2604 deinceps

1106 2615 1247 2644 Absalom
1267 2614 1298 2642 in
1320 2616 1434 2643 tantum
1452 2612 1615 2642 commovit
1634 2612 1782 2649 populum
1796 2613 1849 2641 ad-

1071 2671 1172 2691 versus
1198 2662 1288 2690 David
1312 2663 1427 2697 patrem
1451 2667 1556 2694 suum,
1575 2659 1658 2696 quod
1678 2660 1849 2696 compulsus

1104 2715 1137 2745 i'1)
1156 2714 1244 2746 qutpl.
1257 2721 1356 2740 munus.
