2004 3037
251 223 311 254 470

249 297 305 327 per
317 289 447 327 seipsam
463 290 549 328 lapsa
567 292 629 325 cst,
644 290 684 319 ad
705 291 952 320 immutabilitatis
972 294 1030 321 sta-

250 338 314 365 tum
327 336 516 366 immobilem
528 337 661 367 videndo
675 337 831 367 formatur.
846 349 861 366 »
878 340 945 367 Haec
959 340 1029 368 Gre-

249 383 362 419 gorius.
379 384 470 420 llujus
484 392 587 413 sensus
607 385 822 422 experientiam
837 386 961 420 habuit,
976 386 1028 423 qui

249 430 325 459 dixit
334 431 344 447 ¹
357 433 498 460 :Dilectus
513 440 587 460 meus
600 433 734 461 candidus
748 435 773 461 et
787 433 963 467 mbicundus,
972 436 1027 462 etc.

251 486 266 504 α
288 478 563 514 Experimentaliter
582 478 764 516 loquebatur
777 501 788 514 ‚
809 489 823 506 n
849 480 890 508 ait
908 479 1027 508 Vercel-

246 523 348 553 lensis.

284 572 421 601 Secundo
440 575 537 609 lesus,
550 574 637 611 panis
656 573 893 609 sacramentalis,
909 582 978 603 cum
992 575 1029 604 sit

247 619 375 648 verbum
387 620 479 648 Patris
493 620 631 657 (verbum
642 623 742 650 autem
756 622 799 650 est
812 621 916 650 notitia
931 621 1028 650 decla-

245 666 341 695 rativa
355 675 424 696 cum
434 675 548 704 amore,
558 670 592 697 ut
604 669 645 698 ait
654 669 843 705 Augustinus,
853 669 932 697 libro
945 677 1025 697 nono

246 714 280 743 de
298 714 476 752 Trinitaw),
491 717 636 752 attingens
650 725 736 746 aures
749 717 917 753 spirituales
930 717 962 745 in
977 725 1024 746 sa-

245 764 416 798 eramento,
440 763 547 792 excitat
570 772 620 792 eas
643 764 682 792 ad
703 765 926 800 experiendum
951 764 1026 792 allo-

245 809 395 838 cutionem
410 809 448 838 de
462 811 593 846 aeternis,
610 811 701 847 quia,
716 811 907 848 quantumin
925 819 955 839 se
971 813 1024 846 est,

244 863 362 893 semper
372 857 504 886 notificat
516 859 636 892 aeterna,
650 859 678 886 et
689 857 836 886 illuminat
851 857 888 894 (a)
902 865 1022 886 omnem

243 902 408 932 hominem.
423 905 530 933 Anima
541 905 641 933 autem
656 904 712 932 nisi
725 904 848 933 haberet
863 912 948 933 aures
962 904 1023 941 spi-

243 949 364 979 rituales
386 951 504 980 habiles
525 951 564 980 ad
587 952 773 980 audiendum
790 954 917 987 aeterna,
942 953 1024 980 Jesus

243 1005 306 1026 non
319 997 441 1027 dixisset
452 999 471 1034 ,³
491 999 557 1032 :Qui
570 999 647 1027 habet
662 1007 739 1027 aures
755 999 898 1034 audiendi,
914 999 1022 1028 audiat.

246 1055 260 1070 «
280 1045 422 1073 Dominus
445 1048 560 1081 autem,
585 1048 617 1074 ut
640 1046 711 1075 dicit
733 1046 890 1082 Gregorius
912 1047 940 1081 ⁵,
962 1054 1024 1074 non

244 1092 348 1128 quaerit
361 1100 448 1121 aures
462 1093 607 1130 corporis,
623 1093 676 1121 sed
695 1094 811 1121 mentis.
824 1103 837 1119 n
854 1094 886 1121 Et
900 1093 930 1121 in
946 1094 1024 1129 Apo-

243 1139 358 1176 calypsi
375 1139 446 1168 dicit
464 1139 546 1168 idem
559 1141 569 1157 ⁵
586 1150 592 1169 :
611 1141 665 1174 Qui
679 1141 756 1168 habet
772 1148 865 1176 aures,
880 1142 934 1168 etc.
947 1150 956 1176 ;
972 1140 1023 1169 ubi

243 1186 315 1214 dicit
336 1186 522 1215 aichardus:
542 1197 556 1214 α
576 1187 627 1216 ille
650 1187 741 1216 habet
759 1195 844 1215 aures
861 1187 1022 1223 audiendi,

243 1233 295 1270 qui
309 1234 401 1262 habet
411 1242 530 1262 sensum
545 1234 740 1270 intelligendi,
756 1237 784 1263 et
799 1234 938 1262 affectum
955 1234 1021 1262 dili-

243 1280 333 1316 gendi
357 1289 392 1309 ea
419 1290 486 1318 quae
508 1281 729 1317 promittuntur.
755 1292 768 1307 »
795 1283 826 1309 Et
849 1282 930 1310 idem
953 1282 1024 1310 dicit

243 1331 376 1366 Haymo:
397 1340 411 1356 (ι
430 1330 515 1359 Auris
530 1331 626 1359 carnis
645 1333 759 1359 tantum
779 1331 819 1358 ad
837 1331 1023 1358 audiendum

243 1377 387 1413 consistit3
405 1378 484 1406 auris
502 1386 574 1406 vero
596 1377 695 1406 cordis
714 1378 817 1406 auditu
833 1378 922 1406 simul
937 1380 964 1405 et
979 1378 1023 1405 in-

242 1424 359 1452 tellectu
378 1424 465 1460 viget.
486 1435 498 1451 »
524 1426 577 1453 llas
597 1432 683 1453 aures
698 1425 825 1452 Verbum
842 1425 931 1452 Patris
945 1425 1023 1453 mul-

242 1470 378 1506 tiplieiter
392 1470 568 1507 alloquitur,
584 1473 616 1499 ut
634 1479 724 1508 supra
743 1471 853 1499 dictum
870 1474 912 1499 est
930 1472 960 1500 111
976 1472 1022 1500 iti-

243 1525 314 1545 nere
328 1517 528 1546 meditationis
541 1519 561 1545 ⁶.
578 1519 611 1546 Et
624 1518 820 1554 Augustinus,
837 1526 917 1554 super
937 1520 1024 1546 Gene-

242 1567 295 1592 sim
318 1565 355 1592 ad
377 1566 514 1598 litteram,
537 1565 628 1594 dicit:
656 1576 669 1591 «
691 1566 840 1602 Sapientia
864 1566 953 1594 Filius
975 1566 1024 1594 Dei

243 1622 305 1642 non
324 1616 418 1642 cessat
438 1614 523 1650 loqui
539 1614 654 1642 occulta
675 1614 866 1650 inspiratione
883 1614 922 1642 ad
937 1614 1022 1642 intet-

243 1660 400 1689 lectualem
422 1664 596 1689 creaturam.
617 1671 631 1687 »
658 1661 715 1689 sed
740 1661 912 1696 Gregorius,
939 1661 1024 1689 tertio

245 1707 361 1735 decimo
376 1709 536 1740 Moralium,
555 1708 625 1735 dicit
641 1717 647 1736 :
670 1718 684 1733 «
700 1708 779 1735 Unde
796 1708 923 1736 exterior
938 1708 1023 1735 audi-

245 1756 290 1782 tus
306 1755 451 1791 aperitur,
467 1755 535 1783 inde
555 1755 675 1783 interior
690 1754 885 1783 obsurdescit.
901 1765 915 1780 1)
935 1756 1024 1790 liujus

245 1801 434 1829 allocutionis
454 1802 665 1838 experientiam
684 1802 807 1836 habuit,
829 1801 881 1837 qui
902 1801 975 1829 dixit
989 1803 998 1819 7
1016 1812 1022 1829 :

247 1849 307 1875 Vox
330 1848 423 1876 dilecti
446 1851 514 1881 mci5
539 1848 591 1876 ubi
613 1849 683 1876 dicit
707 1848 808 1877 Glossa
830 1858 836 1876 :
865 1859 879 1873 u
903 1849 1023 1877 Gaudeo

245 1895 475 1923 consolatoriam
495 1896 557 1931 ejus
579 1903 683 1923 vocem
705 1896 849 1927 audiens,
867 1896 940 1924 dum
961 1897 1024 1931 ejus

244 1940 351 1970 faciem
375 1942 513 1970 nondum
540 1942 649 1977 video,
679 1945 777 1971 tamen
801 1943 956 1970 sublevato
985 1943 1024 1971 ad

246 1988 354 2016 coelum
377 1989 496 2023 animo,
521 1990 653 2025 aliquam
678 1989 851 2017 suavitatem
876 1992 1024 2025 praegusto

245 2035 349 2064 futurae
360 2035 562 2071 beatitudini&
575 2038 602 2064 01
612 2036 668 2064 1100
684 2036 713 2064 in
730 2037 862 2072 [1100501111
878 2036 995 2064 51001110.
1010 2049 1022 2061 ι»

246 2084 310 2110 llaec
325 2083 437 2111 Glossa.

281 2130 376 2157 Tertio
404 2131 502 2164 lesus,
534 2131 618 2166 panis
650 2131 889 2165 sacramentalis,
919 2131 1025 2158 excitat

247 2176 387 2204 olfactum
411 2177 449 2204 ad
474 2179 652 2204 internorum
676 2177 801 2205 odorem
824 2177 1023 2205 sentiendum.

247 2224 336 2258 Cum,
362 2223 436 2251 sicut
463 2223 533 2251 dicit
558 2224 753 2260 Dionysius&
783 2224 877 2252 existit
904 2224 1026 2253 fontana

247 2270 368 2306 copiosa
391 2271 613 2306 susceptionum
634 2271 802 2298 divinarum
828 2271 1025 2306 suavitatum,

246 2316 406 2344 refundens
428 2317 464 2344 dc
484 2325 537 2344 sua
552 2317 735 2353 plenitudine
753 2317 952 2345 divinissimas
968 2318 1026 2345 sra-

246 2363 391 2399 grantias;
413 2363 481 2391 ideo
496 2363 636 2391 olfactum
654 2365 824 2392 interiorem
843 2365 1026 2400 spiritualem

247 2411 352 2439 excitat
368 2413 396 2439 et
410 2411 513 2447 aperit,
525 2411 563 2438 ad
575 2412 788 2447 experiendum
801 2413 837 2448 (1»)
849 2414 1026 2440 [eternorum

247 2458 386 2493 odorem,
403 2460 435 2486 ut
455 2460 582 2486 loannes
598 2459 799 2494 Evangelista,
817 2462 958 2495 tanquam
976 2468 1025 2487 ex-

280 2555 385 2585 ¹Cw1!.,
403 2561 426 2585 v,
444 2557 480 2579 10.
500 2568 530 2572 —-
550 2555 557 2569 ²
574 2557 648 2585 Aug„
667 2555 696 2577 d·
717 2555 815 2583 Τνίηίᾉ,
836 2555 880 2578 lili.
904 2557 944 2581 tx,
961 2563 981 2579 c.
1000 2562 1023 2579 11

249 2592 273 2613 rt
290 2596 313 2614 x.
325 2603 356 2607 —-
369 2591 379 2607 ³
397 2590 500 2621 Manli„
513 2597 548 2621 xt,
569 2592 611 2620 tii3
629 2591 694 2616 Lm..
712 2596 767 2621 ulit,
784 2593 805 2614 S.
823 2603 852 2608 —
868 2591 878 2607 δ
897 2592 982 2621 Grog„
1000 2593 1024 2615 1'11

249 2626 349 2656 Ezcela„
361 2626 431 2651 110111,
444 2632 495 2656 xiv,
507 2629 565 2650 ante
576 2626 643 2650 nied.
658 2639 687 2644 —
700 2627 805 2657 ³·.=11›1›c.,
821 2632 855 2657 11,
869 2628 892 2656 7,
903 2629 941 2650 etc
956 2635 961 2655 ;
981 2632 1023 2655 111,

250 2663 273 2691 ti,
291 2664 339 2685 etc..
354 2675 385 2679 —
403 2662 411 2676 ⁵
429 2662 530 2687 Scilicet
544 2662 657 2686 secundo
674 2662 772 2692 itinere,
788 2669 854 2692 sup.⁷
870 2669 895 2692 p.
915 2664 1012 2686 'itu-212

252 2710 277 2713 —-
300 2697 305 2710 7
325 2698 407 2728 (vrum,
430 2704 464 2728 31,
485 2700 508 2721 S.
523 2711 551 2716 —
573 2699 581 2711 ¹⁴¹
594 2698 679 2728 111011,
699 2698 787 2722 L'vclt‘s.
807 2698 884 2728 mern,
901 2707 922 2721 c.
945 2704 978 2721 11.
995 2712 1023 2716 -

669 223 720 256 DE
740 223 899 256 SEPTEM
919 223 1145 257 lTlNERiBIJS
1163 222 1456 257 AETERNITATIS.

1085 294 1186 330 pertus
1195 313 1205 327 ,
1220 292 1330 322 diceret
1345 300 1353 320 ε
1368 291 1448 321 Odor
1464 293 1534 320 tuus
1542 311 1553 327 ,
1569 291 1712 327 nomine,
1726 292 1863 322 excitavit

1085 340 1118 369 in
1135 340 1224 369 nobis
1237 340 1490 377 concupiscentias
1507 341 1642 369 eternas.
1659 339 1718 369 Sed
1729 339 1779 369 hic
1790 341 1863 370 nota

1086 387 1160 424 quid
1174 388 1211 417 sit
1224 388 1349 416 olfactus
1367 387 1526 425 spiritualis
1544 387 1576 415 in
1590 386 1692 415 anima
1699 407 1710 422 ,
1725 388 1754 415 et
1766 386 1799 415 in
1810 394 1863 415 an-

1085 435 1170 470 gelis.
1191 436 1230 463 De
1251 435 1309 464 hoc
1331 435 1403 463 dicit
1426 434 1626 463 Linconiensis
1643 434 1863 462 commentator

1084 490 1174 519 super
1192 482 1362 519 Angelicam
1383 482 1581 511 Hierarchiam
1599 481 1663 510 sic:
1683 490 1698 507 11
1717 482 1757 509 De
1771 479 1862 509 olfac—

1084 529 1144 557 tiva
1158 529 1264 558 virtute
1278 529 1435 558 discretiva
1448 529 1589 564 odorum,
1603 536 1670 565 quae
1681 527 1759 556 intus
1773 527 1863 556 susci-

1083 576 1195 613 piendo
1218 577 1294 612 agit,
1316 577 1386 606 dicit
1406 576 1581 613 Dionysius,
1603 575 1720 612 signare
1743 582 1862 611 suscep-

1083 623 1178 652 tivum
1198 624 1275 652 hene
1293 623 1470 658 redolentis,
1487 623 1546 651 hoc
1566 623 1624 657 est,
1639 622 1716 650 bene
1730 623 1862 650 contem·

1083 671 1192 707 plantis
1218 671 1319 707 gratiae
1346 671 1464 699 divinae.
1494 672 1527 698 Et
1550 669 1725 706 Dionysius,
1754 670 1861 705 quarto

1083 719 1278 746 Ecclesiastico:
1300 717 1483 752 Hierarchiae,
1504 717 1576 746 dicit
1595 717 1637 745 sic
1654 726 1661 744 z
1687 726 1702 743 α
1723 716 1751 745 Si
1769 715 1860 744 sensi-

1082 764 1190 793 bilium
1222 767 1390 793 aromatum
1416 764 1562 800 susceptio
1595 763 1752 792 moderata
1761 784 1770 799 ‚
1797 763 1860 791 vim

1082 811 1252 840 ollactivam
1275 813 1406 840 nostram
1424 809 1760 840 sanam'delectabiliter
1780 809 1859 838 refo-

1081 861 1146 893 vet,
1160 859 1269 895 pariter
1289 860 1318 887 et
1335 858 1564 887 intellectualem
1587 865 1708 886 sensum
1725 858 1860 885 nostrum

1082 905 1242 942 spiritualis
1264 905 1415 934 suavitatis
1436 905 1644 940 discretivum,
1667 904 1705 932 ab
1728 903 1859 940 appetitu

1082 953 1250 982 inordinato
1279 955 1436 990 purgatum
1449 973 1458 986 ,
1490 951 1636 988 susceptio
1664 951 1758 979 divini
1785 950 1859 979 boni

1082 1000 1184 1030 odoris
1197 1002 1297 1030 sancta
1311 999 1504 1028 delectatione
1517 1007 1572 1027 nos
1585 998 1722 1034 replebit.
1738 1008 1752 1024 11
1768 997 1860 1034 Huius

1081 1047 1183 1076 odoris
1205 1047 1416 1084 experientiam
1439 1045 1565 1080 habuit,
1589 1045 1640 1082 qui
1664 1045 1737 1074 dixit
1759 1046 1770 1061 ⁹
1794 1054 1801 1073 :
1826 1046 1859 1073 ln

1081 1095 1186 1123 odorem
1198 1097 1393 1129 unquentorum
1405 1096 1511 1121 tuorum
1524 1101 1657 1120 curremus
1670 1094 1738 1129 post
1751 1094 1793 1128 te;
1805 1092 1858 1121 ubi

1081 1142 1152 1170 dicit
1172 1141 1336 1170 Bernartius
1359 1141 1401 1168 sic
1418 1141 1463 1168 ¹⁰:
1485 1150 1499 1166 «
1521 1139 1576 1168 Etsi
1599 1140 1741 1168 Dominus
1758 1139 1858 1168 suavis

1081 1189 1183 1218 odoris
1198 1189 1233 1217 sit
1245 1188 1401 1222 universis,
1413 1177 1543 1216 maxime
1559 1189 1657 1215 tamen
1671 1186 1840 1215 domesticis
1848 1197 1857 1223 ς

1081 1239 1108 1264 01
1122 1238 1233 1272 quanto
1257 1235 1324 1271 quis
1343 1235 1399 1262 sibi
1420 1233 1595 1262 familiarius
1617 1233 1684 1262 vitae
1704 1233 1810 1262 merito
1824 1241 1859 1262 ac

1080 1284 1186 1312 mentis
1207 1283 1332 1320 puritate
1355 1281 1528 1319 appropiat,
1545 1284 1626 1310 tauto
1647 1289 1717 1309 eum
1731 1281 1860 1310 arbitror

1079 1331 1272 1359 recentiorem
1300 1331 1467 1358 aromatum
1493 1331 1521 1356 et
1544 1329 1691 1357 unctionis
1713 1328 1859 1357 suavioris

1080 1378 1186 1406 sentire
1210 1377 1410 1412 fragrantiam.
1437 1378 1526 1404 Porro
1546 1376 1576 1404 in
1598 1375 1774 1411 hujusmodi
1796 1383 1859 1404 non

1080 1425 1158 1461 capit
1185 1424 1394 1460 intelligentia,
1421 1424 1476 1451 nisi
1506 1425 1651 1459 quantum
1679 1422 1859 1459 experientia

1080 1473 1204 1508 attingit.
1217 1482 1230 1498 n
1245 1473 1309 1499 ilinc
1322 1471 1381 1499 ille.
1396 1473 1450 1499 Deo
1464 1471 1552 1506 igitur
1567 1472 1682 1506 gratias,
1695 1471 1744 1506 qui
1753 1470 1858 1498 odorem

1080 1521 1187 1548 notitioe
1205 1527 1260 1547 suoe
1282 1520 1437 1552 manifestat
1457 1526 1506 1554 per
1526 1526 1573 1546 nos
1597 1519 1626 1545 in
1649 1519 1722 1545 omni
1741 1518 1810 1552 Ioco,
1826 1519 1858 1545 ut

1081 1566 1152 1594 dicit
1167 1566 1186 1584 ¹¹
1203 1566 1369 1602 Apostolus.

1116 1614 1224 1647 Quarto
1248 1615 1330 1641 lesus
1353 1613 1438 1649 panis
1459 1612 1697 1646 sacramentalis,
1727 1619 1794 1639 cum
1822 1611 1859 1639 sit

1081 1669 1203 1689 summm
1222 1660 1410 1696 attingentioe,
1427 1659 1500 1696 quia
1515 1660 1575 1695 ipse
1591 1667 1621 1687 se
1637 1659 1687 1686 dat
1701 1659 1731 1686 in
1746 1658 1856 1693 cibum,

1081 1711 1109 1736 et
1124 1710 1223 1735 manet
1237 1707 1267 1734 in
1283 1707 1396 1741 cibato,
1415 1709 1442 1734 et
1456 1706 1569 1734 cibatus
1588 1706 1617 1733 in
1634 1714 1669 1733 eo
1680 1727 1688 1740 ,
1705 1708 1737 1733 ut
1752 1705 1858 1733 dicitur

1080 1755 1109 1782 in
1124 1756 1236 1782 loanne
1251 1753 1281 1788 ¹²,
1298 1756 1324 1781 ct
1339 1753 1394 1781 hoc
1408 1753 1437 1780 in
1453 1753 1583 1780 maxima
1598 1752 1747 1787 charitate,
1761 1752 1813 1780 ubi
1826 1753 1857 1780 fit

1080 1801 1232 1829 verissima
1253 1800 1426 1835 attingentia
1447 1800 1553 1827 aniinze
1567 1802 1594 1827 et
1614 1799 1662 1827 Dei
1685 1799 1855 1835 spiritualis

1080 1848 1135 1876 Sed
1151 1847 1326 1881 notandum,
1344 1847 1427 1883 quod
1442 1848 1536 1881 lingo,
1550 1846 1578 1873 in
1594 1845 1672 1874 libro
1687 1846 1784 1881 primo
1797 1846 1818 1864 ¹³
1826 1846 1858 1874 cle

1081 1897 1152 1923 Arca
1167 1897 1240 1928 Noc,
1258 1894 1328 1922 dicit
1347 1894 1388 1921 sic
1407 1903 1413 1921 z
1434 1904 1446 1919 «
1468 1893 1511 1922 Ad
1530 1895 1620 1921 Deum
1644 1893 1801 1928 attingere,
1817 1896 1859 1921 est

1081 1950 1197 1979 semper
1222 1950 1273 1977 per
1299 1941 1481 1969 desiderium
1505 1949 1574 1968 eum
1594 1947 1743 1976 quaerere,
1759 1941 1786 1968 et
1806 1948 1859 1976 per

1081 1989 1280 2024 cognitionem
1294 1989 1436 2023 invenire,
1453 1990 1479 2015 01
1495 1996 1547 2024 per
1562 1989 1680 2023 gustum
1696 1989 1826 2022 tangere.
1843 1997 1855 2013 n

1082 2038 1122 2065 Ex
1137 2044 1197 2072 quo
1211 2038 1299 2072 patet,
1316 2035 1398 2071 quod
1417 2035 1587 2069 attingentia
1603 2034 1657 2062 ista
1669 2034 1759 2062 habet
1771 2041 1859 2070 quos-

1082 2084 1152 2112 dam
1168 2084 1292 2119 gradus,
1308 2091 1361 2119 per
1376 2091 1452 2119 quos
1469 2084 1542 2109 Deus
1558 2082 1720 2114 acceditur,
1737 2084 1763 2109 ct
1777 2082 1859 2109 inve-

1084 2132 1173 2166 nitur,
1190 2133 1217 2158 01
1231 2130 1389 2165 attingitur,
1402 2137 1461 2157 non
1473 2137 1591 2156 accessu
1604 2128 1702 2163 locali,
1719 2136 1772 2156 nec
1782 2130 1858 2156 tactu

1085 2177 1250 2214 corporat&
1267 2177 1319 2204 sed
1339 2176 1530 2203 similitudine
1545 2175 1690 2211 spirituali
1711 2174 1859 2203 acceditur

1083 2225 1121 2252 ad
1140 2226 1239 2258 11011111,
1256 2226 1280 2251 01
1298 2223 1535 2251 dissimilitudine
1550 2231 1568 2250 a
1584 2224 1641 2250 Deo
1656 2221 1812 2256 receditur,
1828 2224 1859 2249 ut

1083 2272 1153 2299 (11011
1165 2271 1342 2306 Augustinus
1357 2270 1385 2297 iu
1401 2270 1478 2297 libro
1490 2272 1572 2297 sexto
1587 2270 1618 2296 de
1634 2270 1777 2296 Trinitate.

1118 2319 1230 2347 Primus
1243 2318 1332 2353 igitur
1346 2317 1456 2353 gradus
1472 2319 1523 2350 est,
1533 2326 1593 2353 quo
1611 2319 1684 2344 [leus
1696 2315 1856 2351 attingitur,

1082 2375 1149 2394 cum
1172 2374 1223 2402 per
1242 2365 1423 2392 desiderium
1439 2364 1577 2400 quoeritur
1593 2373 1599 2391 :
1624 2362 1761 2399 quamvis
1779 2363 1858 2390 enim

1083 2414 1167 2447 Deus,
1186 2415 1216 2439 nt
1232 2412 1426 2446 desideratur,
1440 2411 1605 2439 secundum
1620 2409 1732 2445 aliquid
1745 2411 1776 2436 ut
1787 2417 1858 2445 prai-

1081 2468 1146 2487 sens
1161 2467 1222 2487 non
1237 2459 1396 2493 habeatur,
1413 2460 1511 2485 tamen
1525 2464 1641 2484 necesse
1657 2458 1708 2490 est,
1723 2458 1755 2483 ut
1769 2456 1857 2484 etiam

1083 2506 1246 2535 secundum
1262 2505 1376 2541 aliquid
1390 2512 1516 2541 praesens
1531 2503 1693 2537 habeatur3
1710 2503 1782 2531 alias
1796 2511 1857 2531 non

1082 2583 1090 2593 ‘¹
1108 2581 1189 2609 (faut,
1214 2587 1229 2608 1,
1248 2581 1269 2603 3.
1290 2593 1321 2597 —-
1342 2582 1358 2592 ¹⁰
1379 2581 1463 2609 llern„
1484 2579 1509 2601 in
1529 2578 1613 2605 Cant„
1632 2578 1703 2601 110111.
1723 2584 1855 2606 xx11,uon

1083 2617 1158 2646 longe
1174 2623 1188 2639 a
1201 2616 1272 2646 princ
1294 2629 1322 2632 —
1338 2618 1351 2629 ¹¹
1370 2617 1386 2638 tt
1405 2615 1473 2642 Cor„
1492 2620 1519 2643 11,
1540 2615 1575 2638 11.
1587 2627 1616 2631 -
1635 2615 1651 2629 '²
1664 2615 1744 2643 doun„
1761 2619 1795 2640 vi,
1816 2614 1853 2637 57.

1083 2665 1110 2671 -
1128 2653 1145 2668 ¹³
1162 2652 1237 2681 nug,
1253 2651 1281 2675 de
1298 2652 1353 2675 Arc.
1372 2651 1441 2681 Noe„
1457 2650 1500 2674 lib.
1520 2650 1562 2679 tl',
1579 2657 1601 2673 e.
1619 2655 1652 2679 lv,
1668 2649 1735 2673 circa
1749 2649 1815 2673 med,

1114 2702 1143 2729 1η)
1159 2699 1192 2721 Cn
1202 2701 1217 2722 1,
1234 2697 1293 2722 wlff.
1310 2697 1499 2721 illuminamt—
1514 2696 1544 2726 (ἰ)
1559 2698 1618 2721 llcm
1632 2695 1852 2727 experiendorutn.
