<?xml version="1.0" encoding="UTF-8"?>
<!DOCTYPE html PUBLIC "-//W3C//DTD XHTML 1.0 Transitional//EN"
    "http://www.w3.org/TR/xhtml1/DTD/xhtml1-transitional.dtd">
<html xmlns="http://www.w3.org/1999/xhtml" xml:lang="en" lang="en">
 <head>
  <title>
</title>
<meta http-equiv="Content-Type" content="text/html;charset=utf-8" />
  <meta name='ocr-system' content='tesseract 3.04.00' />
  <meta name='ocr-capabilities' content='ocr_page ocr_carea ocr_par ocr_line ocrx_word'/>
</head>
<body>
  <div class='ocr_page' id='page_1' title='image "./operaomniasixtiv08bonauoft/operaomniasixtiv08bonauoft_0474.png"; bbox 0 0 2004 3037; ppageno 0'>
   <div class='ocr_carea' id='block_1_1' title="bbox 219 319 279 350">
    <p class='ocr_par' dir='ltr' id='par_1_1' title="bbox 219 319 279 350">
     <span class='ocr_line' id='line_1_1' title="bbox 219 319 279 350; baseline -0.017 0"><span class='ocrx_word' id='word_1_1' title='bbox 219 319 279 350; x_wconf 73' lang='lat'><strong>452</strong></span> 
     </span>
    </p>
   </div>
   <div class='ocr_carea' id='block_1_2' title="bbox 219 373 1002 611">
    <p class='ocr_par' dir='ltr' id='par_1_2' title="bbox 219 373 1002 611">
     <span class='ocr_line' id='line_1_2' title="bbox 220 373 1000 421; baseline -0.015 -8"><span class='ocrx_word' id='word_1_2' title='bbox 220 385 310 421; x_wconf 79' lang='lat' dir='ltr'><strong>atque</strong></span> <span class='ocrx_word' id='word_1_3' title='bbox 327 379 501 419; x_wconf 82' lang='lat' dir='ltr'><strong>praevaluit,</strong></span> <span class='ocrx_word' id='word_1_4' title='bbox 517 377 640 416; x_wconf 82' lang='lat' dir='ltr'><strong>quando</strong></span> <span class='ocrx_word' id='word_1_5' title='bbox 659 376 802 406; x_wconf 84' lang='lat' dir='ltr'>Dominus</span> <span class='ocrx_word' id='word_1_6' title='bbox 823 373 1000 403; x_wconf 80' lang='lat' dir='ltr'><strong>sententiam</strong></span> 
     </span>
     <span class='ocr_line' id='line_1_3' title="bbox 219 421 1001 463; baseline -0.013 -4"><span class='ocrx_word' id='word_1_7' title='bbox 219 429 364 460; x_wconf 73' lang='lat' dir='ltr'><strong>mutavit?</strong></span> <span class='ocrx_word' id='word_1_8' title='bbox 375 429 447 457; x_wconf 87' lang='lat' dir='ltr'><strong>Ecce</strong></span> <span class='ocrx_word' id='word_1_9' title='bbox 457 427 490 456; x_wconf 87' lang='lat' dir='ltr'><strong>in</strong></span> <span class='ocrx_word' id='word_1_10' title='bbox 500 429 644 463; x_wconf 85' lang='lat' dir='ltr'><strong>quantam</strong></span> <span class='ocrx_word' id='word_1_11' title='bbox 657 421 895 461; x_wconf 70' lang='lat' dir='ltr'><strong>praesumptionis</strong></span> <span class='ocrx_word' id='word_1_12' title='bbox 907 421 1001 450; x_wconf 83' lang='lat' dir='ltr'><strong>auda-</strong></span> 
     </span>
     <span class='ocr_line' id='line_1_4' title="bbox 220 469 999 507; baseline -0.014 0"><span class='ocrx_word' id='word_1_13' title='bbox 220 478 299 507; x_wconf 85' lang='lat' dir='ltr'><strong>ciam</strong></span> <span class='ocrx_word' id='word_1_14' title='bbox 313 473 530 505; x_wconf 79' lang='lat' dir='ltr'>consummatio</span> <span class='ocrx_word' id='word_1_15' title='bbox 547 471 695 501; x_wconf 85' lang='lat' dir='ltr'><strong>charitatis</strong></span> <span class='ocrx_word' id='word_1_16' title='bbox 711 470 786 498; x_wconf 88' lang='lat' dir='ltr'><strong>solet</strong></span> <span class='ocrx_word' id='word_1_17' title='bbox 799 471 930 498; x_wconf 85' lang='lat' dir='ltr'><strong>mentem</strong></span> <span class='ocrx_word' id='word_1_18' title='bbox 943 469 999 497; x_wconf 92' lang='lat' dir='ltr'><strong>ho-</strong></span> 
     </span>
     <span class='ocr_line' id='line_1_5' title="bbox 220 516 1002 558; baseline -0.014 -4"><span class='ocrx_word' id='word_1_19' title='bbox 220 524 309 554; x_wconf 89' lang='lat' dir='ltr'><strong>minis</strong></span> <span class='ocrx_word' id='word_1_20' title='bbox 322 523 446 558; x_wconf 86' lang='lat' dir='ltr'><strong>erigere.</strong></span> <span class='ocrx_word' id='word_1_21' title='bbox 462 531 476 549; x_wconf 80' lang='grc'>»</span> <span class='ocrx_word' id='word_1_22' title='bbox 497 522 561 549; x_wconf 80' lang='lat' dir='ltr'><strong>Haec</strong></span> <span class='ocrx_word' id='word_1_23' title='bbox 577 518 680 548; x_wconf 90' lang='lat' dir='ltr'><strong>omnia</strong></span> <span class='ocrx_word' id='word_1_24' title='bbox 695 516 868 552; x_wconf 72' lang='lat' dir='ltr'><strong>aichardus,</strong></span> <span class='ocrx_word' id='word_1_25' title='bbox 883 523 1002 553; x_wconf 71' lang='lat' dir='ltr'><strong>praepo-</strong></span> 
     </span>
     <span class='ocr_line' id='line_1_6' title="bbox 221 573 419 611; baseline -0.02 -10"><span class='ocrx_word' id='word_1_26' title='bbox 221 573 298 611; x_wconf 68' lang='lat' dir='ltr'><strong>stere</strong></span> <span class='ocrx_word' id='word_1_27' title='bbox 310 573 419 600; x_wconf 82' lang='lat' dir='ltr'><strong>tamen.</strong></span> 
     </span>
    </p>
   </div>
   <div class='ocr_carea' id='block_1_3' title="bbox 490 627 736 654">
    <p class='ocr_par' dir='ltr' id='par_1_3' title="bbox 490 627 736 654">
     <span class='ocr_line' id='line_1_7' title="bbox 490 627 736 654; baseline -0.012 0"><span class='ocrx_word' id='word_1_28' title='bbox 490 628 671 654; x_wconf 83' lang='lat' dir='ltr'><strong>ARTlCULUS</strong></span> <span class='ocrx_word' id='word_1_29' title='bbox 694 627 736 652; x_wconf 83' lang='lat'><strong>111.</strong></span> 
     </span>
    </p>
   </div>
   <div class='ocr_carea' id='block_1_4' title="bbox 392 688 834 726">
    <p class='ocr_par' dir='ltr' id='par_1_4' title="bbox 392 688 834 726">
     <span class='ocr_line' id='line_1_8' title="bbox 392 688 834 726; baseline -0.018 -6"><span class='ocrx_word' id='word_1_30' title='bbox 392 695 429 720; x_wconf 90' lang='lat' dir='ltr'><strong>De</strong></span> <span class='ocrx_word' id='word_1_31' title='bbox 447 693 569 726; x_wconf 81' lang='lat' dir='ltr'><strong>gradibus</strong></span> <span class='ocrx_word' id='word_1_32' title='bbox 585 690 682 716; x_wconf 83' lang='lat' dir='ltr'><strong>amoris</strong></span> <span class='ocrx_word' id='word_1_33' title='bbox 699 688 834 720; x_wconf 82' lang='lat' dir='ltr'><strong>seraphici.</strong></span> 
     </span>
    </p>
   </div>
   <div class='ocr_carea' id='block_1_5' title="bbox 223 751 1006 1219">
    <p class='ocr_par' dir='ltr' id='par_1_5' title="bbox 223 751 1005 987">
     <span class='ocr_line' id='line_1_9' title="bbox 262 751 1004 796; baseline -0.015 -6"><span class='ocrx_word' id='word_1_34' title='bbox 262 763 301 789; x_wconf 89' lang='lat' dir='ltr'><strong>De</strong></span> <span class='ocrx_word' id='word_1_35' title='bbox 313 759 457 796; x_wconf 83' lang='lat' dir='ltr'><strong>gradihus</strong></span> <span class='ocrx_word' id='word_1_36' title='bbox 467 759 567 787; x_wconf 89' lang='lat' dir='ltr'><strong>autem</strong></span> <span class='ocrx_word' id='word_1_37' title='bbox 581 754 726 792; x_wconf 84' lang='lat' dir='ltr'><strong>seraphici</strong></span> <span class='ocrx_word' id='word_1_38' title='bbox 741 753 851 782; x_wconf 88' lang='lat' dir='ltr'><strong>amoris</strong></span> <span class='ocrx_word' id='word_1_39' title='bbox 865 759 945 780; x_wconf 92' lang='lat' dir='ltr'><strong>nunc</strong></span> <span class='ocrx_word' id='word_1_40' title='bbox 960 751 1004 780; x_wconf 91' lang='lat' dir='ltr'><strong>di-</strong></span> 
     </span>
     <span class='ocr_line' id='line_1_10' title="bbox 225 798 1004 842; baseline -0.015 -5"><span class='ocrx_word' id='word_1_41' title='bbox 225 807 355 838; x_wconf 87' lang='lat' dir='ltr'><strong>cendum</strong></span> <span class='ocrx_word' id='word_1_42' title='bbox 369 808 421 842; x_wconf 87' lang='lat' dir='ltr'><strong>est,</strong></span> <span class='ocrx_word' id='word_1_43' title='bbox 432 813 494 834; x_wconf 92' lang='lat' dir='ltr'><strong>non</strong></span> <span class='ocrx_word' id='word_1_44' title='bbox 508 803 591 841; x_wconf 90' lang='lat' dir='ltr'><strong>quod</strong></span> <span class='ocrx_word' id='word_1_45' title='bbox 603 811 658 831; x_wconf 87' lang='lat' dir='ltr'><strong>nos</strong></span> <span class='ocrx_word' id='word_1_46' title='bbox 673 800 784 829; x_wconf 84' lang='lat' dir='ltr'><strong>similes</strong></span> <span class='ocrx_word' id='word_1_47' title='bbox 799 801 879 828; x_wconf 83' lang='lat' dir='ltr'><strong>aetus</strong></span> <span class='ocrx_word' id='word_1_48' title='bbox 893 798 1004 827; x_wconf 83' lang='lat' dir='ltr'><strong>amoris</strong></span> 
     </span>
     <span class='ocr_line' id='line_1_11' title="bbox 226 845 1004 886; baseline -0.017 -1"><span class='ocrx_word' id='word_1_49' title='bbox 226 862 364 884; x_wconf 82' lang='lat' dir='ltr'><strong>exercere</strong></span> <span class='ocrx_word' id='word_1_50' title='bbox 383 854 414 882; x_wconf 91' lang='lat' dir='ltr'><strong>in</strong></span> <span class='ocrx_word' id='word_1_51' title='bbox 438 853 495 881; x_wconf 86' lang='lat' dir='ltr'><strong>hac</strong></span> <span class='ocrx_word' id='word_1_52' title='bbox 514 851 574 879; x_wconf 87' lang='lat' dir='ltr'><strong>vita</strong></span> <span class='ocrx_word' id='word_1_53' title='bbox 596 849 760 886; x_wconf 83' lang='lat' dir='ltr'><strong>possimus;</strong></span> <span class='ocrx_word' id='word_1_54' title='bbox 776 846 829 875; x_wconf 88' lang='lat' dir='ltr'><strong>sed</strong></span> <span class='ocrx_word' id='word_1_55' title='bbox 851 845 935 882; x_wconf 86' lang='lat' dir='ltr'><strong>quod</strong></span> <span class='ocrx_word' id='word_1_56' title='bbox 949 852 1004 873; x_wconf 86' lang='lat' dir='ltr'><strong>nos</strong></span> 
     </span>
     <span class='ocr_line' id='line_1_12' title="bbox 224 893 1005 935; baseline -0.015 -4"><span class='ocrx_word' id='word_1_57' title='bbox 224 902 397 931; x_wconf 86' lang='lat' dir='ltr'><strong>studeamus</strong></span> <span class='ocrx_word' id='word_1_58' title='bbox 412 897 580 935; x_wconf 83' lang='lat' dir='ltr'><strong>aliqualiter</strong></span> <span class='ocrx_word' id='word_1_59' title='bbox 599 895 707 924; x_wconf 86' lang='lat' dir='ltr'><strong>imitari</strong></span> <span class='ocrx_word' id='word_1_60' title='bbox 723 902 785 928; x_wconf 84' lang='lat' dir='ltr'><strong>eOS,</strong></span> <span class='ocrx_word' id='word_1_61' title='bbox 809 893 839 921; x_wconf 92' lang='lat' dir='ltr'><strong>in</strong></span> <span class='ocrx_word' id='word_1_62' title='bbox 858 893 1005 929; x_wconf 85' lang='lat' dir='ltr'><strong>quantum</strong></span> 
     </span>
     <span class='ocr_line' id='line_1_13' title="bbox 223 945 670 987; baseline -0.018 -9"><span class='ocrx_word' id='word_1_63' title='bbox 223 956 384 987; x_wconf 89' lang='lat' dir='ltr'><strong>possumus</strong></span> <span class='ocrx_word' id='word_1_64' title='bbox 399 947 430 975; x_wconf 89' lang='lat' dir='ltr'><strong>in</strong></span> <span class='ocrx_word' id='word_1_65' title='bbox 443 945 546 974; x_wconf 89' lang='lat' dir='ltr'><strong>divino</strong></span> <span class='ocrx_word' id='word_1_66' title='bbox 558 951 670 972; x_wconf 85' lang='lat' dir='ltr'><strong>amore.</strong></span> 
     </span>
    </p>

    <p class='ocr_par' dir='ltr' id='par_1_6' title="bbox 225 985 1006 1219">
     <span class='ocr_line' id='line_1_14' title="bbox 263 985 1006 1030; baseline -0.016 -6"><span class='ocrx_word' id='word_1_67' title='bbox 263 996 359 1024; x_wconf 78' lang='lat' dir='ltr'><strong>Primo</strong></span> <span class='ocrx_word' id='word_1_68' title='bbox 374 993 464 1030; x_wconf 80' lang='lat' dir='ltr'><strong>igitur</strong></span> <span class='ocrx_word' id='word_1_69' title='bbox 478 991 634 1020; x_wconf 86' lang='lat' dir='ltr'><strong>videamus</strong></span> <span class='ocrx_word' id='word_1_70' title='bbox 657 989 694 1017; x_wconf 89' lang='lat' dir='ltr'><strong>de</strong></span> <span class='ocrx_word' id='word_1_71' title='bbox 710 995 812 1017; x_wconf 89' lang='lat' dir='ltr'><strong>amore</strong></span> <span class='ocrx_word' id='word_1_72' title='bbox 827 985 1006 1022; x_wconf 76' lang='lat' dir='ltr'><strong>angelorum</strong></span> 
     </span>
     <span class='ocr_line' id='line_1_15' title="bbox 225 1032 1006 1075; baseline -0.015 -4"><span class='ocrx_word' id='word_1_73' title='bbox 225 1043 256 1071; x_wconf 91' lang='lat' dir='ltr'><strong>in</strong></span> <span class='ocrx_word' id='word_1_74' title='bbox 270 1040 433 1071; x_wconf 89' lang='lat' dir='ltr'><strong>communi.</strong></span> <span class='ocrx_word' id='word_1_75' title='bbox 451 1041 489 1067; x_wconf 89' lang='lat' dir='ltr'><strong>De</strong></span> <span class='ocrx_word' id='word_1_76' title='bbox 504 1046 566 1075; x_wconf 91' lang='lat' dir='ltr'><strong>quo</strong></span> <span class='ocrx_word' id='word_1_77' title='bbox 581 1036 736 1065; x_wconf 87' lang='lat' dir='ltr'><strong>sciendum</strong></span> <span class='ocrx_word' id='word_1_78' title='bbox 749 1036 802 1069; x_wconf 86' lang='lat' dir='ltr'><strong>est,</strong></span> <span class='ocrx_word' id='word_1_79' title='bbox 818 1033 913 1070; x_wconf 90' lang='lat' dir='ltr'><strong>quod,</strong></span> <span class='ocrx_word' id='word_1_80' title='bbox 932 1032 1006 1060; x_wconf 78' lang='lat' dir='ltr'><strong>sicut</strong></span> 
     </span>
     <span class='ocr_line' id='line_1_16' title="bbox 225 1079 1006 1125; baseline -0.015 -7"><span class='ocrx_word' id='word_1_81' title='bbox 225 1088 382 1125; x_wconf 89' lang='lat' dir='ltr'><strong>Dionysius</strong></span> <span class='ocrx_word' id='word_1_82' title='bbox 397 1087 467 1115; x_wconf 86' lang='lat' dir='ltr'><strong>dicit</strong></span> <span class='ocrx_word' id='word_1_83' title='bbox 480 1084 645 1114; x_wconf 89' lang='lat' dir='ltr'><strong>secundum</strong></span> <span class='ocrx_word' id='word_1_84' title='bbox 657 1082 880 1112; x_wconf 80' lang='lat' dir='ltr'><strong>translationem</strong></span> <span class='ocrx_word' id='word_1_85' title='bbox 893 1079 1006 1107; x_wconf 79' lang='lat' dir='ltr'><strong>Vercel-</strong></span> 
     </span>
     <span class='ocr_line' id='line_1_17' title="bbox 225 1127 1006 1165; baseline -0.014 -1"><span class='ocrx_word' id='word_1_86' title='bbox 225 1136 314 1164; x_wconf 92' lang='lat' dir='ltr'><strong>lensis</strong></span> <span class='ocrx_word' id='word_1_87' title='bbox 331 1136 337 1151; x_wconf 87' lang='lat'><strong>¹</strong></span> <span class='ocrx_word' id='word_1_88' title='bbox 354 1144 387 1163; x_wconf 68' lang='lat' dir='ltr'><strong>:u</strong></span> <span class='ocrx_word' id='word_1_89' title='bbox 401 1137 541 1163; x_wconf 82' lang='lat' dir='ltr'><strong>Amorem</strong></span> <span class='ocrx_word' id='word_1_90' title='bbox 551 1131 688 1160; x_wconf 90' lang='lat' dir='ltr'><strong>divinum</strong></span> <span class='ocrx_word' id='word_1_91' title='bbox 704 1129 883 1165; x_wconf 84' lang='lat' dir='ltr'><strong>angelorum</strong></span> <span class='ocrx_word' id='word_1_92' title='bbox 899 1127 1006 1155; x_wconf 87' lang='lat' dir='ltr'><strong>intelli-</strong></span> 
     </span>
     <span class='ocr_line' id='line_1_18' title="bbox 226 1176 1006 1219; baseline -0.014 -7"><span class='ocrx_word' id='word_1_93' title='bbox 226 1191 296 1219; x_wconf 83' lang='lat' dir='ltr'><strong>gere</strong></span> <span class='ocrx_word' id='word_1_94' title='bbox 311 1183 426 1219; x_wconf 84' lang='lat' dir='ltr'><strong>oportet</strong></span> <span class='ocrx_word' id='word_1_95' title='bbox 439 1178 683 1212; x_wconf 82' lang='lat' dir='ltr'><strong>immaterialiter,</strong></span> <span class='ocrx_word' id='word_1_96' title='bbox 699 1176 750 1213; x_wconf 88' lang='lat' dir='ltr'><strong>qui</strong></span> <span class='ocrx_word' id='word_1_97' title='bbox 762 1178 804 1204; x_wconf 87' lang='lat' dir='ltr'><strong>est</strong></span> <span class='ocrx_word' id='word_1_98' title='bbox 818 1183 907 1212; x_wconf 88' lang='lat' dir='ltr'><strong>supra</strong></span> <span class='ocrx_word' id='word_1_99' title='bbox 922 1182 1006 1202; x_wconf 86' lang='lat' dir='ltr'><strong>men-</strong></span> 
     </span>
    </p>
   </div>
   <div class='ocr_carea' id='block_1_6' title="bbox 181 1221 1009 1261">
    <p class='ocr_par' dir='ltr' id='par_1_7' title="bbox 181 1221 1009 1261">
     <span class='ocr_line' id='line_1_19' title="bbox 181 1221 1009 1261; baseline -0.013 -3"><span class='ocrx_word' id='word_1_100' title='bbox 181 1255 183 1257; x_wconf 88' lang='lat'><strong>.</strong></span> <span class='ocrx_word' id='word_1_101' title='bbox 227 1232 286 1258; x_wconf 90' lang='lat' dir='ltr'><strong>tem</strong></span> <span class='ocrx_word' id='word_1_102' title='bbox 298 1231 326 1257; x_wconf 88' lang='lat' dir='ltr'><strong>et</strong></span> <span class='ocrx_word' id='word_1_103' title='bbox 344 1227 542 1261; x_wconf 86' lang='lat' dir='ltr'><strong>desiderium,</strong></span> <span class='ocrx_word' id='word_1_104' title='bbox 557 1223 801 1253; x_wconf 79' lang='lat' dir='ltr'><strong>indeclinabilem</strong></span> <span class='ocrx_word' id='word_1_105' title='bbox 817 1223 848 1250; x_wconf 88' lang='lat' dir='ltr'><strong>in</strong></span> <span class='ocrx_word' id='word_1_106' title='bbox 868 1221 964 1254; x_wconf 89' lang='lat' dir='ltr'><strong>aliud,</strong></span> <span class='ocrx_word' id='word_1_107' title='bbox 981 1222 1009 1247; x_wconf 83' lang='lat' dir='ltr'><strong>et</strong></span> 
     </span>
    </p>
   </div>
   <div class='ocr_carea' id='block_1_7' title="bbox 226 1267 1025 2624">
    <p class='ocr_par' dir='ltr' id='par_1_8' title="bbox 226 1267 1025 2624">
     <span class='ocr_line' id='line_1_20' title="bbox 226 1267 1009 1311; baseline -0.013 -6"><span class='ocrx_word' id='word_1_108' title='bbox 226 1275 460 1305; x_wconf 83' lang='lat' dir='ltr'><strong>irremissibilem</strong></span> <span class='ocrx_word' id='word_1_109' title='bbox 475 1273 513 1311; x_wconf 85' lang='lat' dir='ltr'><strong>(a)</strong></span> <span class='ocrx_word' id='word_1_110' title='bbox 529 1282 545 1301; x_wconf 89' lang='lat' dir='ltr'><strong>a</strong></span> <span class='ocrx_word' id='word_1_111' title='bbox 560 1272 682 1309; x_wconf 80' lang='lat' dir='ltr'><strong>proprio</strong></span> <span class='ocrx_word' id='word_1_112' title='bbox 698 1271 814 1298; x_wconf 86' lang='lat' dir='ltr'><strong>fervore</strong></span> <span class='ocrx_word' id='word_1_113' title='bbox 828 1267 1009 1304; x_wconf 82' lang='lat' dir='ltr'><strong>contempla-</strong></span> 
     </span>
     <span class='ocr_line' id='line_1_21' title="bbox 227 1314 1010 1357; baseline -0.011 -6"><span class='ocrx_word' id='word_1_114' title='bbox 227 1323 316 1351; x_wconf 82' lang='lat' dir='ltr'><strong>tionis</strong></span> <span class='ocrx_word' id='word_1_115' title='bbox 331 1322 453 1356; x_wconf 82' lang='lat' dir='ltr'><strong>divinae,</strong></span> <span class='ocrx_word' id='word_1_116' title='bbox 463 1323 490 1349; x_wconf 88' lang='lat' dir='ltr'><strong>et</strong></span> <span class='ocrx_word' id='word_1_117' title='bbox 504 1328 557 1357; x_wconf 89' lang='lat' dir='ltr'><strong>per</strong></span> <span class='ocrx_word' id='word_1_118' title='bbox 568 1326 720 1347; x_wconf 82' lang='lat' dir='ltr'><strong>excessum</strong></span> <span class='ocrx_word' id='word_1_119' title='bbox 729 1317 826 1345; x_wconf 85' lang='lat' dir='ltr'><strong>omnis</strong></span> <span class='ocrx_word' id='word_1_120' title='bbox 841 1314 1010 1344; x_wconf 67' lang='lat' dir='ltr'><strong>substantiae</strong></span> 
     </span>
     <span class='ocr_line' id='line_1_22' title="bbox 228 1361 1010 1406; baseline -0.012 -8"><span class='ocrx_word' id='word_1_121' title='bbox 228 1370 259 1398; x_wconf 90' lang='lat' dir='ltr'><strong>in</strong></span> <span class='ocrx_word' id='word_1_122' title='bbox 275 1369 357 1397; x_wconf 89' lang='lat' dir='ltr'><strong>solos</strong></span> <span class='ocrx_word' id='word_1_123' title='bbox 371 1368 476 1406; x_wconf 85' lang='lat' dir='ltr'><strong>Sponsi</strong></span> <span class='ocrx_word' id='word_1_124' title='bbox 488 1367 644 1404; x_wconf 78' lang='lat' dir='ltr'><strong>amplexus</strong></span> <span class='ocrx_word' id='word_1_125' title='bbox 660 1365 828 1393; x_wconf 77' lang='lat' dir='ltr'><strong>tendentem</strong></span> <span class='ocrx_word' id='word_1_126' title='bbox 841 1364 875 1399; x_wconf 82' lang='lat' dir='ltr'><strong>(b)</strong></span> <span class='ocrx_word' id='word_1_127' title='bbox 890 1365 917 1390; x_wconf 89' lang='lat' dir='ltr'><strong>et</strong></span> <span class='ocrx_word' id='word_1_128' title='bbox 928 1361 1010 1389; x_wconf 86' lang='lat' dir='ltr'><strong>nulla</strong></span> 
     </span>
     <span class='ocr_line' id='line_1_23' title="bbox 229 1408 1011 1450; baseline -0.013 -5"><span class='ocrx_word' id='word_1_129' title='bbox 229 1417 376 1445; x_wconf 79' lang='lat' dir='ltr'><strong>anxietate</strong></span> <span class='ocrx_word' id='word_1_130' title='bbox 391 1415 533 1444; x_wconf 87' lang='lat' dir='ltr'><strong>afflictum</strong></span> <span class='ocrx_word' id='word_1_131' title='bbox 558 1413 608 1450; x_wconf 69' lang='lat' dir='ltr'><strong>(cz),</strong></span> <span class='ocrx_word' id='word_1_132' title='bbox 632 1415 663 1440; x_wconf 88' lang='lat' dir='ltr'><strong>ut</strong></span> <span class='ocrx_word' id='word_1_133' title='bbox 680 1411 787 1439; x_wconf 87' lang='lat' dir='ltr'><strong>accidit</strong></span> <span class='ocrx_word' id='word_1_134' title='bbox 808 1411 837 1438; x_wconf 90' lang='lat' dir='ltr'><strong>in</strong></span> <span class='ocrx_word' id='word_1_135' title='bbox 858 1408 1011 1437; x_wconf 75' lang='lat' dir='ltr'><strong>desideriis</strong></span> 
     </span>
     <span class='ocr_line' id='line_1_24' title="bbox 230 1455 1012 1498; baseline -0.014 -5"><span class='ocrx_word' id='word_1_136' title='bbox 230 1463 394 1492; x_wconf 88' lang='lat' dir='ltr'><strong>carnalium</strong></span> <span class='ocrx_word' id='word_1_137' title='bbox 404 1461 604 1498; x_wconf 83' lang='lat' dir='ltr'><strong>voluptatum,</strong></span> <span class='ocrx_word' id='word_1_138' title='bbox 614 1467 741 1496; x_wconf 81' lang='lat' dir='ltr'><strong>quarum</strong></span> <span class='ocrx_word' id='word_1_139' title='bbox 752 1456 898 1494; x_wconf 80' lang='lat' dir='ltr'><strong>appetitus</strong></span> <span class='ocrx_word' id='word_1_140' title='bbox 907 1455 1012 1492; x_wconf 84' lang='lat' dir='ltr'><strong>plenus</strong></span> 
     </span>
     <span class='ocr_line' id='line_1_25' title="bbox 230 1504 1012 1539; baseline -0.013 0"><span class='ocrx_word' id='word_1_141' title='bbox 230 1514 272 1539; x_wconf 92' lang='lat' dir='ltr'><strong>est</strong></span> <span class='ocrx_word' id='word_1_142' title='bbox 288 1510 443 1539; x_wconf 78' lang='lat' dir='ltr'><strong>anxietate.</strong></span> <span class='ocrx_word' id='word_1_143' title='bbox 459 1519 472 1535; x_wconf 86' lang='lat'>»</span> <span class='ocrx_word' id='word_1_144' title='bbox 492 1510 524 1536; x_wconf 89' lang='lat' dir='ltr'><strong>Et</strong></span> <span class='ocrx_word' id='word_1_145' title='bbox 543 1507 617 1534; x_wconf 74' lang='lat' dir='ltr'><strong>intra</strong></span> <span class='ocrx_word' id='word_1_146' title='bbox 634 1516 640 1534; x_wconf 78' lang='lat' dir='ltr'><em>z</em></span> <span class='ocrx_word' id='word_1_147' title='bbox 659 1517 672 1532; x_wconf 78' lang='grc' dir='ltr'><strong>(ι</strong></span> <span class='ocrx_word' id='word_1_148' title='bbox 690 1504 869 1533; x_wconf 81' lang='lat' dir='ltr'><strong>Desiderium</strong></span> <span class='ocrx_word' id='word_1_149' title='bbox 882 1511 943 1530; x_wconf 90' lang='lat' dir='ltr'><strong>non</strong></span> <span class='ocrx_word' id='word_1_150' title='bbox 960 1511 1012 1530; x_wconf 72' lang='lat' dir='ltr'><strong>vo-</strong></span> 
     </span>
     <span class='ocr_line' id='line_1_26' title="bbox 230 1549 1014 1589; baseline -0.013 -3"><span class='ocrx_word' id='word_1_151' title='bbox 230 1558 293 1586; x_wconf 87' lang='lat' dir='ltr'><strong>lens</strong></span> <span class='ocrx_word' id='word_1_152' title='bbox 304 1556 432 1585; x_wconf 78' lang='lat' dir='ltr'><strong>coerceri</strong></span> <span class='ocrx_word' id='word_1_153' title='bbox 444 1555 491 1583; x_wconf 76' lang='lat' dir='ltr'><strong>vel</strong></span> <span class='ocrx_word' id='word_1_154' title='bbox 501 1554 607 1583; x_wconf 83' lang='lat' dir='ltr'><strong>remitti</strong></span> <span class='ocrx_word' id='word_1_155' title='bbox 620 1555 741 1589; x_wconf 87' lang='lat' dir='ltr'><strong>propter</strong></span> <span class='ocrx_word' id='word_1_156' title='bbox 752 1551 796 1579; x_wconf 87' lang='lat' dir='ltr'><strong>sui</strong></span> <span class='ocrx_word' id='word_1_157' title='bbox 810 1549 1014 1579; x_wconf 81' lang='lat' dir='ltr'><strong>fortitudinem</strong></span> 
     </span>
     <span class='ocr_line' id='line_1_27' title="bbox 231 1596 1014 1641; baseline -0.013 -8"><span class='ocrx_word' id='word_1_158' title='bbox 231 1605 271 1633; x_wconf 90' lang='lat' dir='ltr'><strong>ad</strong></span> <span class='ocrx_word' id='word_1_159' title='bbox 286 1605 332 1640; x_wconf 89' lang='lat' dir='ltr'><strong>id,</strong></span> <span class='ocrx_word' id='word_1_160' title='bbox 348 1603 429 1641; x_wconf 85' lang='lat' dir='ltr'><strong>quod</strong></span> <span class='ocrx_word' id='word_1_161' title='bbox 451 1601 578 1638; x_wconf 85' lang='lat' dir='ltr'><strong>appetit,</strong></span> <span class='ocrx_word' id='word_1_162' title='bbox 601 1603 628 1628; x_wconf 91' lang='lat' dir='ltr'><strong>et</strong></span> <span class='ocrx_word' id='word_1_163' title='bbox 649 1597 959 1634; x_wconf 84' lang='lat' dir='ltr'><strong>incorruptilnlitateni</strong></span> <span class='ocrx_word' id='word_1_164' title='bbox 975 1596 1014 1624; x_wconf 86' lang='lat' dir='ltr'><strong>ad</strong></span> 
     </span>
     <span class='ocr_line' id='line_1_28' title="bbox 232 1644 1013 1687; baseline -0.013 -7"><span class='ocrx_word' id='word_1_165' title='bbox 232 1652 274 1686; x_wconf 90' lang='lat' dir='ltr'><strong>id,</strong></span> <span class='ocrx_word' id='word_1_166' title='bbox 292 1651 375 1687; x_wconf 91' lang='lat' dir='ltr'><strong>quod</strong></span> <span class='ocrx_word' id='word_1_167' title='bbox 398 1649 479 1678; x_wconf 89' lang='lat' dir='ltr'><strong>nulla</strong></span> <span class='ocrx_word' id='word_1_168' title='bbox 502 1648 617 1677; x_wconf 84' lang='lat' dir='ltr'><strong>actione</strong></span> <span class='ocrx_word' id='word_1_169' title='bbox 634 1647 711 1674; x_wconf 78' lang='lat' dir='ltr'><strong>valet</strong></span> <span class='ocrx_word' id='word_1_170' title='bbox 735 1644 927 1678; x_wconf 79' lang='lat' dir='ltr'><strong>intercidere,</strong></span> <span class='ocrx_word' id='word_1_171' title='bbox 944 1652 1013 1679; x_wconf 85' lang='lat' dir='ltr'><strong>pro-</strong></span> 
     </span>
     <span class='ocr_line' id='line_1_29' title="bbox 233 1692 1015 1736; baseline -0.013 -8"><span class='ocrx_word' id='word_1_172' title='bbox 233 1703 298 1736; x_wconf 83' lang='lat' dir='ltr'><strong>pter</strong></span> <span class='ocrx_word' id='word_1_173' title='bbox 313 1700 370 1728; x_wconf 87' lang='lat' dir='ltr'><strong>hoe</strong></span> <span class='ocrx_word' id='word_1_174' title='bbox 391 1698 473 1735; x_wconf 89' lang='lat' dir='ltr'><strong>quod</strong></span> <span class='ocrx_word' id='word_1_175' title='bbox 495 1706 568 1734; x_wconf 80' lang='lat' dir='ltr'><strong>pure</strong></span> <span class='ocrx_word' id='word_1_176' title='bbox 591 1698 682 1724; x_wconf 81' lang='lat' dir='ltr'><strong>Deum</strong></span> <span class='ocrx_word' id='word_1_177' title='bbox 703 1698 730 1723; x_wconf 92' lang='lat' dir='ltr'><strong>et</strong></span> <span class='ocrx_word' id='word_1_178' title='bbox 746 1694 916 1730; x_wconf 77' lang='lat' dir='ltr'><strong>simpliciter</strong></span> <span class='ocrx_word' id='word_1_179' title='bbox 941 1692 1015 1719; x_wconf 72' lang='lat' dir='ltr'><strong>desi-</strong></span> 
     </span>
     <span class='ocr_line' id='line_1_30' title="bbox 238 1741 1015 1782; baseline -0.013 -7"><span class='ocrx_word' id='word_1_180' title='bbox 238 1748 352 1782; x_wconf 85' lang='lat' dir='ltr'><strong>derant,</strong></span> <span class='ocrx_word' id='word_1_181' title='bbox 363 1749 390 1774; x_wconf 91' lang='lat' dir='ltr'><strong>et</strong></span> <span class='ocrx_word' id='word_1_182' title='bbox 399 1745 472 1773; x_wconf 86' lang='lat' dir='ltr'><strong>nihil</strong></span> <span class='ocrx_word' id='word_1_183' title='bbox 482 1747 524 1772; x_wconf 72' lang='lat' dir='ltr'><strong>est</strong></span> <span class='ocrx_word' id='word_1_184' title='bbox 534 1744 616 1780; x_wconf 82' lang='lat' dir='ltr'><strong>quod</strong></span> <span class='ocrx_word' id='word_1_185' title='bbox 625 1743 717 1779; x_wconf 81' lang='lat' dir='ltr'><strong>possit</strong></span> <span class='ocrx_word' id='word_1_186' title='bbox 728 1750 778 1769; x_wconf 75' lang='lat' dir='ltr'><strong>eos</strong></span> <span class='ocrx_word' id='word_1_187' title='bbox 789 1741 826 1768; x_wconf 89' lang='lat' dir='ltr'><strong>ab</strong></span> <span class='ocrx_word' id='word_1_188' title='bbox 839 1741 901 1775; x_wconf 76' lang='lat' dir='ltr'><strong>ejus</strong></span> <span class='ocrx_word' id='word_1_189' title='bbox 915 1747 1015 1766; x_wconf 80' lang='lat' dir='ltr'><strong>amore</strong></span> 
     </span>
     <span class='ocr_line' id='line_1_31' title="bbox 236 1787 1017 1825; baseline -0.014 -3"><span class='ocrx_word' id='word_1_190' title='bbox 236 1802 376 1823; x_wconf 81' lang='lat' dir='ltr'><strong>revocare</strong></span> <span class='ocrx_word' id='word_1_191' title='bbox 390 1793 438 1820; x_wconf 79' lang='lat' dir='ltr'><strong>vel</strong></span> <span class='ocrx_word' id='word_1_192' title='bbox 454 1792 613 1820; x_wconf 86' lang='lat' dir='ltr'><strong>retardare.</strong></span> <span class='ocrx_word' id='word_1_193' title='bbox 628 1792 658 1817; x_wconf 79' lang='lat' dir='ltr'><strong>Et</strong></span> <span class='ocrx_word' id='word_1_194' title='bbox 673 1789 743 1825; x_wconf 81' lang='lat' dir='ltr'><strong>quia</strong></span> <span class='ocrx_word' id='word_1_195' title='bbox 755 1796 872 1823; x_wconf 78' lang='lat' dir='ltr'><strong>semper</strong></span> <span class='ocrx_word' id='word_1_196' title='bbox 888 1788 962 1814; x_wconf 79' lang='lat' dir='ltr'><strong>bens</strong></span> <span class='ocrx_word' id='word_1_197' title='bbox 976 1787 1017 1812; x_wconf 80' lang='lat' dir='ltr'><strong>est</strong></span> 
     </span>
     <span class='ocr_line' id='line_1_32' title="bbox 238 1833 1017 1874; baseline -0.013 -6"><span class='ocrx_word' id='word_1_198' title='bbox 238 1840 413 1874; x_wconf 76' lang='lat' dir='ltr'><strong>uniformis,</strong></span> <span class='ocrx_word' id='word_1_199' title='bbox 438 1841 466 1866; x_wconf 87' lang='lat' dir='ltr'><strong>et</strong></span> <span class='ocrx_word' id='word_1_200' title='bbox 486 1838 637 1874; x_wconf 76' lang='lat' dir='ltr'><strong>aequaliter</strong></span> <span class='ocrx_word' id='word_1_201' title='bbox 659 1837 757 1863; x_wconf 83' lang='lat' dir='ltr'><strong>bonus</strong></span> <span class='ocrx_word' id='word_1_202' title='bbox 781 1838 808 1862; x_wconf 88' lang='lat' dir='ltr'><strong>et</strong></span> <span class='ocrx_word' id='word_1_203' title='bbox 832 1833 964 1869; x_wconf 82' lang='lat' dir='ltr'><strong>pnlelier,</strong></span> <span class='ocrx_word' id='word_1_204' title='bbox 991 1835 1017 1859; x_wconf 87' lang='lat' dir='ltr'><strong>et</strong></span> 
     </span>
     <span class='ocr_line' id='line_1_33' title="bbox 239 1882 1018 1924; baseline -0.014 -8"><span class='ocrx_word' id='word_1_205' title='bbox 239 1888 310 1924; x_wconf 86' lang='lat' dir='ltr'><strong>quia</strong></span> <span class='ocrx_word' id='word_1_206' title='bbox 324 1887 386 1923; x_wconf 88' lang='lat' dir='ltr'><strong>ipsc</strong></span> <span class='ocrx_word' id='word_1_207' title='bbox 401 1886 491 1914; x_wconf 88' lang='lat' dir='ltr'><strong>habet</strong></span> <span class='ocrx_word' id='word_1_208' title='bbox 506 1885 535 1912; x_wconf 90' lang='lat' dir='ltr'><strong>in</strong></span> <span class='ocrx_word' id='word_1_209' title='bbox 551 1894 580 1912; x_wconf 89' lang='lat' dir='ltr'><strong>se</strong></span> <span class='ocrx_word' id='word_1_210' title='bbox 596 1882 812 1919; x_wconf 71' lang='lat' dir='ltr'><strong>simplicissime</strong></span> <span class='ocrx_word' id='word_1_211' title='bbox 824 1888 944 1907; x_wconf 64' lang='lat' dir='ltr'><strong>omnem</strong></span> <span class='ocrx_word' id='word_1_212' title='bbox 955 1886 1018 1914; x_wconf 74' lang='lat' dir='ltr'><strong>spe-</strong></span> 
     </span>
     <span class='ocr_line' id='line_1_34' title="bbox 239 1926 1018 1966; baseline -0.013 -3"><span class='ocrx_word' id='word_1_213' title='bbox 239 1936 315 1963; x_wconf 88' lang='lat' dir='ltr'><strong>eiem</strong></span> <span class='ocrx_word' id='word_1_214' title='bbox 345 1932 592 1966; x_wconf 84' lang='lat' dir='ltr'><strong>desiderabilem,</strong></span> <span class='ocrx_word' id='word_1_215' title='bbox 622 1932 653 1957; x_wconf 88' lang='lat' dir='ltr'><strong>ut.</strong></span> <span class='ocrx_word' id='word_1_216' title='bbox 681 1928 873 1964; x_wconf 82' lang='lat' dir='ltr'><strong>sapientiam,</strong></span> <span class='ocrx_word' id='word_1_217' title='bbox 904 1926 1018 1953; x_wconf 80' lang='lat' dir='ltr'><strong>bonita-</strong></span> 
     </span>
     <span class='ocr_line' id='line_1_35' title="bbox 239 1973 1018 2017; baseline -0.015 -7"><span class='ocrx_word' id='word_1_218' title='bbox 239 1984 310 2015; x_wconf 87' lang='lat' dir='ltr'><strong>tem,</strong></span> <span class='ocrx_word' id='word_1_219' title='bbox 324 1979 591 2017; x_wconf 90' lang='lat' dir='ltr'><strong>pulchritudinem,</strong></span> <span class='ocrx_word' id='word_1_220' title='bbox 609 1977 815 2009; x_wconf 67' lang='lat' dir='ltr'><strong>aeternitatem,</strong></span> <span class='ocrx_word' id='word_1_221' title='bbox 832 1973 1018 2008; x_wconf 82' lang='lat' dir='ltr'><strong>omnipoten-</strong></span> 
     </span>
     <span class='ocr_line' id='line_1_36' title="bbox 240 2019 1019 2063; baseline -0.015 -6"><span class='ocrx_word' id='word_1_222' title='bbox 240 2029 322 2063; x_wconf 88' lang='lat' dir='ltr'><strong>tiam,</strong></span> <span class='ocrx_word' id='word_1_223' title='bbox 338 2029 404 2062; x_wconf 89' lang='lat' dir='ltr'><strong>ete.,</strong></span> <span class='ocrx_word' id='word_1_224' title='bbox 421 2028 448 2054; x_wconf 89' lang='lat' dir='ltr'><strong>et</strong></span> <span class='ocrx_word' id='word_1_225' title='bbox 459 2025 623 2053; x_wconf 86' lang='lat' dir='ltr'><strong>seeundum</strong></span> <span class='ocrx_word' id='word_1_226' title='bbox 639 2023 740 2051; x_wconf 85' lang='lat' dir='ltr'><strong>omnia</strong></span> <span class='ocrx_word' id='word_1_227' title='bbox 752 2024 793 2049; x_wconf 67' lang='lat' dir='ltr'><strong>est</strong></span> <span class='ocrx_word' id='word_1_228' title='bbox 808 2020 817 2035; x_wconf 69' lang='lat'><em>³</em></span> <span class='ocrx_word' id='word_1_229' title='bbox 832 2024 902 2048; x_wconf 75' lang='lat' dir='ltr'><strong>totus</strong></span> <span class='ocrx_word' id='word_1_230' title='bbox 917 2019 1019 2046; x_wconf 52' lang='lat' dir='ltr'><strong>‹teside-</strong></span> 
     </span>
     <span class='ocr_line' id='line_1_37' title="bbox 240 2066 1019 2110; baseline -0.015 -6"><span class='ocrx_word' id='word_1_231' title='bbox 240 2077 349 2110; x_wconf 76' lang='lat' dir='ltr'><strong>rabi‘lis,</strong></span> <span class='ocrx_word' id='word_1_232' title='bbox 364 2076 395 2102; x_wconf 90' lang='lat' dir='ltr'><strong>ut</strong></span> <span class='ocrx_word' id='word_1_233' title='bbox 416 2074 542 2101; x_wconf 84' lang='lat' dir='ltr'><strong>liabetur</strong></span> <span class='ocrx_word' id='word_1_234' title='bbox 558 2072 588 2099; x_wconf 86' lang='lat' dir='ltr'><strong>in</strong></span> <span class='ocrx_word' id='word_1_235' title='bbox 603 2070 741 2103; x_wconf 83' lang='lat' dir='ltr'><strong>Cantieis;</strong></span> <span class='ocrx_word' id='word_1_236' title='bbox 766 2069 834 2095; x_wconf 85' lang='lat' dir='ltr'><strong>ideo</strong></span> <span class='ocrx_word' id='word_1_237' title='bbox 856 2067 942 2094; x_wconf 83' lang='lat' dir='ltr'><strong>trabit</strong></span> <span class='ocrx_word' id='word_1_238' title='bbox 957 2066 1019 2102; x_wconf 83' lang='lat' dir='ltr'><strong>ple-</strong></span> 
     </span>
     <span class='ocr_line' id='line_1_38' title="bbox 241 2113 1019 2156; baseline -0.017 -5"><span class='ocrx_word' id='word_1_239' title='bbox 241 2123 335 2156; x_wconf 88' lang='lat' dir='ltr'><strong>narie,</strong></span> <span class='ocrx_word' id='word_1_240' title='bbox 350 2121 461 2155; x_wconf 88' lang='lat' dir='ltr'><strong>intimc,</strong></span> <span class='ocrx_word' id='word_1_241' title='bbox 479 2117 710 2147; x_wconf 75' lang='lat' dir='ltr'><strong>irrevocabiliter</strong></span> <span class='ocrx_word' id='word_1_242' title='bbox 721 2116 750 2143; x_wconf 89' lang='lat' dir='ltr'><strong>in</strong></span> <span class='ocrx_word' id='word_1_243' title='bbox 762 2124 790 2142; x_wconf 77' lang='lat' dir='ltr'><strong>sc</strong></span> <span class='ocrx_word' id='word_1_244' title='bbox 800 2113 934 2141; x_wconf 77' lang='lat' dir='ltr'><strong>omnium</strong></span> <span class='ocrx_word' id='word_1_245' title='bbox 950 2121 1019 2140; x_wconf 81' lang='lat' dir='ltr'><strong>suo-</strong></span> 
     </span>
     <span class='ocr_line' id='line_1_39' title="bbox 242 2161 1017 2200; baseline -0.015 -3"><span class='ocrx_word' id='word_1_246' title='bbox 242 2177 308 2197; x_wconf 90' lang='lat' dir='ltr'><strong>rum</strong></span> <span class='ocrx_word' id='word_1_247' title='bbox 332 2168 433 2196; x_wconf 88' lang='lat' dir='ltr'><strong>omnia</strong></span> <span class='ocrx_word' id='word_1_248' title='bbox 456 2165 604 2194; x_wconf 76' lang='lat' dir='ltr'><strong>desideria</strong></span> <span class='ocrx_word' id='word_1_249' title='bbox 625 2164 663 2200; x_wconf 73' lang='lat' dir='ltr'><strong>(d)</strong></span> <span class='ocrx_word' id='word_1_250' title='bbox 688 2161 982 2198; x_wconf 79' lang='lat' dir='ltr'><strong>comprehensorum.</strong></span> <span class='ocrx_word' id='word_1_251' title='bbox 1006 2170 1017 2185; x_wconf 64' lang='grc' dir='ltr'><strong>ι)</strong></span> 
     </span>
     <span class='ocr_line' id='line_1_40' title="bbox 243 2206 1021 2243; baseline -0.014 0"><span class='ocrx_word' id='word_1_252' title='bbox 243 2217 307 2243; x_wconf 71' lang='lat' dir='ltr'><strong>Haec</strong></span> <span class='ocrx_word' id='word_1_253' title='bbox 329 2215 388 2242; x_wconf 82' lang='lat' dir='ltr'><strong>ille.</strong></span> <span class='ocrx_word' id='word_1_254' title='bbox 414 2215 446 2241; x_wconf 87' lang='lat' dir='ltr'><strong>Et</strong></span> <span class='ocrx_word' id='word_1_255' title='bbox 469 2220 537 2240; x_wconf 88' lang='lat' dir='ltr'><strong>cum</strong></span> <span class='ocrx_word' id='word_1_256' title='bbox 561 2212 618 2238; x_wconf 88' lang='lat' dir='ltr'><strong>hoe</strong></span> <span class='ocrx_word' id='word_1_257' title='bbox 639 2208 800 2237; x_wconf 75' lang='lat' dir='ltr'><strong>coneordat</strong></span> <span class='ocrx_word' id='word_1_258' title='bbox 821 2206 1021 2234; x_wconf 75' lang='lat' dir='ltr'><strong>Lineoniensis</strong></span> 
     </span>
     <span class='ocr_line' id='line_1_41' title="bbox 243 2253 1022 2291; baseline -0.014 -1"><span class='ocrx_word' id='word_1_259' title='bbox 243 2262 472 2291; x_wconf 76' lang='lat' dir='ltr'><strong>commentator,</strong></span> <span class='ocrx_word' id='word_1_260' title='bbox 489 2258 602 2286; x_wconf 83' lang='lat' dir='ltr'><strong>ibidem</strong></span> <span class='ocrx_word' id='word_1_261' title='bbox 625 2257 725 2284; x_wconf 65' lang='lat' dir='ltr'><strong>dit-ens</strong></span> <span class='ocrx_word' id='word_1_262' title='bbox 747 2255 785 2281; x_wconf 60' lang='lat' dir='ltr'><strong>sic</strong></span> <span class='ocrx_word' id='word_1_263' title='bbox 805 2264 810 2281; x_wconf 89' lang='lat'>:</span> <span class='ocrx_word' id='word_1_264' title='bbox 832 2265 843 2279; x_wconf 67' lang='grc' dir='ltr'><em>υ</em></span> <span class='ocrx_word' id='word_1_265' title='bbox 859 2253 961 2288; x_wconf 72' lang='lat' dir='ltr'><strong>Angeli</strong></span> <span class='ocrx_word' id='word_1_266' title='bbox 986 2261 1022 2280; x_wconf 75' lang='lat' dir='ltr'><strong>ex</strong></span> 
     </span>
     <span class='ocr_line' id='line_1_42' title="bbox 242 2301 1021 2336; baseline -0.012 0"><span class='ocrx_word' id='word_1_267' title='bbox 242 2308 364 2336; x_wconf 86' lang='lat' dir='ltr'><strong>rationis</strong></span> <span class='ocrx_word' id='word_1_268' title='bbox 387 2305 571 2334; x_wconf 86' lang='lat' dir='ltr'><strong>abundantia</strong></span> <span class='ocrx_word' id='word_1_269' title='bbox 587 2304 709 2331; x_wconf 80' lang='lat' dir='ltr'><strong>scientes</strong></span> <span class='ocrx_word' id='word_1_270' title='bbox 724 2302 812 2335; x_wconf 83' lang='lat' dir='ltr'><strong>illud,</strong></span> <span class='ocrx_word' id='word_1_271' title='bbox 830 2301 912 2336; x_wconf 84' lang='lat' dir='ltr'><strong>quod</strong></span> <span class='ocrx_word' id='word_1_272' title='bbox 930 2308 1021 2335; x_wconf 78' lang='lat' dir='ltr'><strong>appe·</strong></span> 
     </span>
     <span class='ocr_line' id='line_1_43' title="bbox 244 2346 1023 2390; baseline -0.013 -7"><span class='ocrx_word' id='word_1_273' title='bbox 244 2357 317 2390; x_wconf 88' lang='lat' dir='ltr'><strong>tunt,</strong></span> <span class='ocrx_word' id='word_1_274' title='bbox 337 2362 397 2382; x_wconf 83' lang='lat' dir='ltr'><strong>esse</strong></span> <span class='ocrx_word' id='word_1_275' title='bbox 414 2351 621 2384; x_wconf 83' lang='lat' dir='ltr'><strong>desiderabile,</strong></span> <span class='ocrx_word' id='word_1_276' title='bbox 637 2352 663 2377; x_wconf 88' lang='lat' dir='ltr'><strong>et</strong></span> <span class='ocrx_word' id='word_1_277' title='bbox 679 2358 763 2382; x_wconf 80' lang='lat' dir='ltr'><strong>vere,</strong></span> <span class='ocrx_word' id='word_1_278' title='bbox 781 2351 807 2375; x_wconf 82' lang='lat' dir='ltr'><strong>et</strong></span> <span class='ocrx_word' id='word_1_279' title='bbox 828 2346 1023 2375; x_wconf 74' lang='lat' dir='ltr'><strong>vehementis-</strong></span> 
     </span>
     <span class='ocr_line' id='line_1_44' title="bbox 243 2395 1024 2436; baseline -0.014 -6"><span class='ocrx_word' id='word_1_280' title='bbox 243 2403 328 2436; x_wconf 82' lang='lat' dir='ltr'><strong>sime,</strong></span> <span class='ocrx_word' id='word_1_281' title='bbox 343 2403 371 2428; x_wconf 85' lang='lat' dir='ltr'><strong>et</strong></span> <span class='ocrx_word' id='word_1_282' title='bbox 385 2400 452 2427; x_wconf 82' lang='lat' dir='ltr'><strong>totis</strong></span> <span class='ocrx_word' id='word_1_283' title='bbox 475 2398 588 2425; x_wconf 77' lang='lat' dir='ltr'><strong>viribus</strong></span> <span class='ocrx_word' id='word_1_284' title='bbox 612 2395 856 2428; x_wconf 77' lang='lat' dir='ltr'><strong>desiderandum,</strong></span> <span class='ocrx_word' id='word_1_285' title='bbox 879 2396 906 2421; x_wconf 85' lang='lat' dir='ltr'><strong>et</strong></span> <span class='ocrx_word' id='word_1_286' title='bbox 923 2402 1024 2421; x_wconf 78' lang='lat' dir='ltr'><strong>aman-</strong></span> 
     </span>
     <span class='ocr_line' id='line_1_45' title="bbox 244 2441 1020 2481; baseline -0.014 -4"><span class='ocrx_word' id='word_1_287' title='bbox 244 2449 318 2477; x_wconf 90' lang='lat' dir='ltr'><strong>dum</strong></span> <span class='ocrx_word' id='word_1_288' title='bbox 337 2455 439 2476; x_wconf 83' lang='lat' dir='ltr'><strong>amore</strong></span> <span class='ocrx_word' id='word_1_289' title='bbox 457 2453 543 2481; x_wconf 85' lang='lat' dir='ltr'><strong>puro,</strong></span> <span class='ocrx_word' id='word_1_290' title='bbox 567 2445 594 2471; x_wconf 87' lang='lat' dir='ltr'><strong>et</strong></span> <span class='ocrx_word' id='word_1_291' title='bbox 615 2451 675 2470; x_wconf 91' lang='lat' dir='ltr'><strong>non</strong></span> <span class='ocrx_word' id='word_1_292' title='bbox 697 2443 727 2469; x_wconf 84' lang='lat' dir='ltr'><strong>in</strong></span> <span class='ocrx_word' id='word_1_293' title='bbox 751 2441 833 2469; x_wconf 82' lang='lat' dir='ltr'><strong>alind</strong></span> <span class='ocrx_word' id='word_1_294' title='bbox 860 2441 996 2468; x_wconf 74' lang='lat' dir='ltr'><strong>tendente</strong></span> <span class='ocrx_word' id='word_1_295' title='bbox 1015 2449 1020 2467; x_wconf 94' lang='lat'>:</span> 
     </span>
     <span class='ocr_line' id='line_1_46' title="bbox 243 2487 1021 2524; baseline -0.014 0"><span class='ocrx_word' id='word_1_296' title='bbox 243 2496 319 2524; x_wconf 89' lang='lat' dir='ltr'><strong>illud</strong></span> <span class='ocrx_word' id='word_1_297' title='bbox 328 2492 528 2523; x_wconf 87' lang='lat' dir='ltr'><strong>intenduntita</strong></span> <span class='ocrx_word' id='word_1_298' title='bbox 537 2490 646 2518; x_wconf 77' lang='lat' dir='ltr'><strong>fortiter</strong></span> <span class='ocrx_word' id='word_1_299' title='bbox 656 2491 683 2517; x_wconf 86' lang='lat' dir='ltr'><strong>et</strong></span> <span class='ocrx_word' id='word_1_300' title='bbox 694 2492 753 2516; x_wconf 85' lang='lat' dir='ltr'><strong>tam</strong></span> <span class='ocrx_word' id='word_1_301' title='bbox 766 2487 969 2515; x_wconf 73' lang='lat' dir='ltr'><strong>invertibiliter</strong></span> <span class='ocrx_word' id='word_1_302' title='bbox 980 2488 1021 2522; x_wconf 52' lang='grc' dir='ltr'><strong>μ),</strong></span> 
     </span>
     <span class='ocr_line' id='line_1_47' title="bbox 245 2535 1021 2580; baseline -0.013 -9"><span class='ocrx_word' id='word_1_303' title='bbox 245 2542 328 2580; x_wconf 84' lang='lat' dir='ltr'><strong>quod</strong></span> <span class='ocrx_word' id='word_1_304' title='bbox 344 2541 395 2569; x_wconf 89' lang='lat' dir='ltr'><strong>illa</strong></span> <span class='ocrx_word' id='word_1_305' title='bbox 408 2540 498 2568; x_wconf 88' lang='lat' dir='ltr'><strong>tentio</strong></span> <span class='ocrx_word' id='word_1_306' title='bbox 520 2546 538 2566; x_wconf 87' lang='lat' dir='ltr'><strong>a</strong></span> <span class='ocrx_word' id='word_1_307' title='bbox 559 2537 642 2565; x_wconf 84' lang='lat' dir='ltr'><strong>nulla</strong></span> <span class='ocrx_word' id='word_1_308' title='bbox 662 2535 794 2572; x_wconf 81' lang='lat' dir='ltr'><strong>potentia</strong></span> <span class='ocrx_word' id='word_1_309' title='bbox 817 2535 949 2562; x_wconf 56' lang='lat' dir='ltr'><strong>interdici</strong></span> <span class='ocrx_word' id='word_1_310' title='bbox 966 2543 1021 2570; x_wconf 75' lang='lat' dir='ltr'><strong>po-</strong></span> 
     </span>
     <span class='ocr_line' id='line_1_48' title="bbox 244 2582 1025 2624; baseline -0.013 -6"><span class='ocrx_word' id='word_1_311' title='bbox 244 2592 297 2618; x_wconf 89' lang='lat' dir='ltr'><strong>test</strong></span> <span class='ocrx_word' id='word_1_312' title='bbox 316 2589 363 2617; x_wconf 93' lang='lat' dir='ltr'><strong>vel</strong></span> <span class='ocrx_word' id='word_1_313' title='bbox 375 2585 523 2624; x_wconf 88' lang='lat' dir='ltr'><strong>impediri,</strong></span> <span class='ocrx_word' id='word_1_314' title='bbox 547 2586 575 2612; x_wconf 91' lang='lat' dir='ltr'><strong>et</strong></span> <span class='ocrx_word' id='word_1_315' title='bbox 596 2586 638 2611; x_wconf 86' lang='lat' dir='ltr'><strong>est</strong></span> <span class='ocrx_word' id='word_1_316' title='bbox 658 2584 720 2619; x_wconf 89' lang='lat' dir='ltr'><strong>ipse</strong></span> <span class='ocrx_word' id='word_1_317' title='bbox 741 2591 836 2613; x_wconf 90' lang='lat' dir='ltr'><strong>amor,</strong></span> <span class='ocrx_word' id='word_1_318' title='bbox 859 2582 980 2609; x_wconf 88' lang='lat' dir='ltr'><strong>intentio</strong></span> <span class='ocrx_word' id='word_1_319' title='bbox 998 2584 1025 2609; x_wconf 87' lang='lat' dir='ltr'><strong>et</strong></span> 
     </span>
    </p>
   </div>
   <div class='ocr_carea' id='block_1_8' title="bbox 245 2662 1024 2814">
    <p class='ocr_par' dir='ltr' id='par_1_9' title="bbox 245 2662 1024 2769">
     <span class='ocr_line' id='line_1_49' title="bbox 279 2662 1023 2698; baseline -0.012 -5"><span class='ocrx_word' id='word_1_320' title='bbox 279 2672 283 2684; x_wconf 89' lang='lat'>¹</span> <span class='ocrx_word' id='word_1_321' title='bbox 299 2669 418 2698; x_wconf 62' lang='lat' dir='ltr'><strong>vercell„</strong></span> <span class='ocrx_word' id='word_1_322' title='bbox 434 2666 463 2691; x_wconf 76' lang='lat' dir='ltr'><strong>(Ie</strong></span> <span class='ocrx_word' id='word_1_323' title='bbox 481 2664 572 2695; x_wconf 69' lang='lat' dir='ltr'><strong>Anyel.</strong></span> <span class='ocrx_word' id='word_1_324' title='bbox 590 2663 668 2693; x_wconf 57' lang='lat' dir='ltr'><strong>Hicin,</strong></span> <span class='ocrx_word' id='word_1_325' title='bbox 687 2670 709 2686; x_wconf 91' lang='lat' dir='ltr'><strong>c.</strong></span> <span class='ocrx_word' id='word_1_326' title='bbox 730 2668 754 2686; x_wconf 77' lang='lat' dir='ltr'><strong>v.</strong></span> <span class='ocrx_word' id='word_1_327' title='bbox 767 2675 797 2680; x_wconf 92' lang='grc'><strong>--</strong></span> <span class='ocrx_word' id='word_1_328' title='bbox 819 2662 829 2677; x_wconf 73' lang='lat'>²</span> <span class='ocrx_word' id='word_1_329' title='bbox 845 2662 927 2690; x_wconf 54' lang='lat' dir='ltr'><strong>Cant„</strong></span> <span class='ocrx_word' id='word_1_330' title='bbox 944 2668 967 2691; x_wconf 82' lang='lat' dir='ltr'><strong>v,</strong></span> <span class='ocrx_word' id='word_1_331' title='bbox 987 2664 1023 2686; x_wconf 73' lang='grc'><strong>16.</strong></span> 
     </span>
     <span class='ocr_line' id='line_1_50' title="bbox 245 2698 1024 2735; baseline -0.012 -6"><span class='ocrx_word' id='word_1_332' title='bbox 245 2706 391 2735; x_wconf 74' lang='lat' dir='ltr'><strong>-—⁸Dion.,</strong></span> <span class='ocrx_word' id='word_1_333' title='bbox 406 2703 436 2727; x_wconf 74' lang='lat' dir='ltr'><strong>(Ie</strong></span> <span class='ocrx_word' id='word_1_334' title='bbox 450 2702 509 2726; x_wconf 81' lang='lat' dir='ltr'><strong>Coel.</strong></span> <span class='ocrx_word' id='word_1_335' title='bbox 526 2701 604 2726; x_wconf 55' lang='lat' dir='ltr'><strong>luen,</strong></span> <span class='ocrx_word' id='word_1_336' title='bbox 621 2706 643 2723; x_wconf 90' lang='lat' dir='ltr'><strong>c.</strong></span> <span class='ocrx_word' id='word_1_337' title='bbox 659 2704 744 2722; x_wconf 52' lang='lat' dir='ltr'><strong>Vixe-</strong></span> <span class='ocrx_word' id='word_1_338' title='bbox 758 2698 767 2714; x_wconf 59' lang='grc' dir='ltr'>δ</span> <span class='ocrx_word' id='word_1_339' title='bbox 784 2699 802 2721; x_wconf 86' lang='grc' dir='ltr'>Η</span> <span class='ocrx_word' id='word_1_340' title='bbox 820 2698 887 2727; x_wconf 55' lang='lat' dir='ltr'><strong>Con,</strong></span> <span class='ocrx_word' id='word_1_341' title='bbox 907 2703 953 2726; x_wconf 75' lang='lat' dir='ltr'><strong>xii,</strong></span> <span class='ocrx_word' id='word_1_342' title='bbox 973 2699 1024 2721; x_wconf 78' lang='lat' dir='ltr'><strong>t.—</strong></span> 
     </span>
     <span class='ocr_line' id='line_1_51' title="bbox 245 2733 1023 2769; baseline -0.013 -4"><span class='ocrx_word' id='word_1_343' title='bbox 245 2743 255 2758; x_wconf 76' lang='lat'><em>⁶</em></span> <span class='ocrx_word' id='word_1_344' title='bbox 269 2742 343 2766; x_wconf 56' lang='lat' dir='ltr'><strong>Huc„</strong></span> <span class='ocrx_word' id='word_1_345' title='bbox 360 2741 384 2763; x_wconf 88' lang='lat' dir='ltr'><strong>in</strong></span> <span class='ocrx_word' id='word_1_346' title='bbox 398 2746 454 2769; x_wconf 84' lang='lat' dir='ltr'><strong>cap.</strong></span> <span class='ocrx_word' id='word_1_347' title='bbox 471 2738 534 2767; x_wconf 87' lang='lat' dir='ltr'><strong>sept.</strong></span> <span class='ocrx_word' id='word_1_348' title='bbox 551 2734 640 2765; x_wconf 61' lang='lat' dir='ltr'><strong>Angwl.</strong></span> <span class='ocrx_word' id='word_1_349' title='bbox 661 2735 740 2763; x_wconf 56' lang='lat' dir='ltr'><strong>nima,</strong></span> <span class='ocrx_word' id='word_1_350' title='bbox 759 2734 801 2757; x_wconf 89' lang='lat' dir='ltr'><strong>lib.</strong></span> <span class='ocrx_word' id='word_1_351' title='bbox 821 2733 864 2763; x_wconf 63' lang='lat' dir='ltr'><strong>vt,</strong></span> <span class='ocrx_word' id='word_1_352' title='bbox 880 2735 938 2756; x_wconf 82' lang='lat' dir='ltr'><strong>ante</strong></span> <span class='ocrx_word' id='word_1_353' title='bbox 954 2733 1023 2756; x_wconf 85' lang='lat' dir='ltr'><strong>med.</strong></span> 
     </span>
    </p>

    <p class='ocr_par' dir='ltr' id='par_1_10' title="bbox 280 2775 1023 2814">
     <span class='ocr_line' id='line_1_52' title="bbox 280 2775 1023 2814; baseline -0.013 -7"><span class='ocrx_word' id='word_1_354' title='bbox 280 2785 311 2814; x_wconf 72' lang='lat' dir='ltr'><strong>tn]</strong></span> <span class='ocrx_word' id='word_1_355' title='bbox 323 2785 383 2806; x_wconf 65' lang='lat' dir='ltr'><strong>Cius.</strong></span> <span class='ocrx_word' id='word_1_356' title='bbox 393 2782 453 2805; x_wconf 74' lang='lat' dir='ltr'><strong>edit.</strong></span> <span class='ocrx_word' id='word_1_357' title='bbox 464 2777 672 2803; x_wconf 72' lang='lat' dir='ltr'><strong>indeclinabile...</strong></span> <span class='ocrx_word' id='word_1_358' title='bbox 686 2775 866 2800; x_wconf 67' lang='lat' dir='ltr'><strong>irremissibile</strong></span> <span class='ocrx_word' id='word_1_359' title='bbox 878 2788 907 2792; x_wconf 87' lang='lat'><strong>—-</strong></span> <span class='ocrx_word' id='word_1_360' title='bbox 918 2775 950 2805; x_wconf 61' lang='lat' dir='ltr'><strong>(lsi</strong></span> <span class='ocrx_word' id='word_1_361' title='bbox 964 2776 1023 2798; x_wconf 68' lang='lat' dir='ltr'><strong>lieni</strong></span> 
     </span>
    </p>
   </div>
   <div class='ocr_carea' id='block_1_9' title="bbox 1250 138 1646 185">
    <p class='ocr_par' dir='ltr' id='par_1_11' title="bbox 1250 138 1646 185">
     <span class='ocr_line' id='line_1_53' title="bbox 1250 138 1646 185; baseline -0.013 -12"><span class='ocrx_word' id='word_1_362' title='bbox 1250 138 1304 185; x_wconf 45' lang='lat' dir='ltr'><strong>*a</strong></span> <span class='ocrx_word' id='word_1_363' title='bbox 1614 144 1646 168; x_wconf 72' lang='grc'><strong>.-</strong></span> 
     </span>
    </p>
   </div>
   <div class='ocr_carea' id='block_1_10' title="bbox 631 304 1421 348">
    <p class='ocr_par' dir='ltr' id='par_1_12' title="bbox 631 304 1421 348">
     <span class='ocr_line' id='line_1_54' title="bbox 631 304 1421 348; baseline -0.003 -6"><span class='ocrx_word' id='word_1_364' title='bbox 631 309 681 342; x_wconf 86' lang='lat' dir='ltr'><strong>DE</strong></span> <span class='ocrx_word' id='word_1_365' title='bbox 703 304 1110 348; x_wconf 48' lang='lat' dir='ltr'><strong>SEPTEMLITINERlBUS</strong></span> <span class='ocrx_word' id='word_1_366' title='bbox 1131 306 1421 340; x_wconf 83' lang='lat' dir='ltr'><strong>AETERNITATIS.</strong></span> 
     </span>
    </p>
   </div>
   <div class='ocr_carea' id='block_1_11' title="bbox 1054 373 1860 2662">
    <p class='ocr_par' dir='ltr' id='par_1_13' title="bbox 1054 373 1860 2662">
     <span class='ocr_line' id='line_1_55' title="bbox 1054 373 1831 413; baseline 0.003 -11"><span class='ocrx_word' id='word_1_367' title='bbox 1054 374 1223 410; x_wconf 83' lang='lat' dir='ltr'><strong>progressio</strong></span> <span class='ocrx_word' id='word_1_368' title='bbox 1234 374 1273 403; x_wconf 84' lang='lat' dir='ltr'><strong>ad</strong></span> <span class='ocrx_word' id='word_1_369' title='bbox 1281 374 1357 404; x_wconf 91' lang='lat' dir='ltr'><strong>illud</strong></span> <span class='ocrx_word' id='word_1_370' title='bbox 1369 375 1415 412; x_wconf 67' lang='grc' dir='ltr'>(Γ),</span> <span class='ocrx_word' id='word_1_371' title='bbox 1426 377 1455 404; x_wconf 88' lang='lat' dir='ltr'><strong>et</strong></span> <span class='ocrx_word' id='word_1_372' title='bbox 1465 373 1620 413; x_wconf 75' lang='lat' dir='ltr'><strong>amplexus</strong></span> <span class='ocrx_word' id='word_1_373' title='bbox 1628 375 1708 404; x_wconf 79' lang='lat' dir='ltr'><strong>illius</strong></span> <span class='ocrx_word' id='word_1_374' title='bbox 1721 374 1831 412; x_wconf 76' lang='lat' dir='ltr'><strong>adepti,</strong></span> 
     </span>
     <span class='ocr_line' id='line_1_56' title="bbox 1055 421 1832 460; baseline 0.001 -11"><span class='ocrx_word' id='word_1_375' title='bbox 1055 429 1110 450; x_wconf 89' lang='lat' dir='ltr'><strong>nec</strong></span> <span class='ocrx_word' id='word_1_376' title='bbox 1130 421 1232 458; x_wconf 88' lang='lat' dir='ltr'><strong>aliqua</strong></span> <span class='ocrx_word' id='word_1_377' title='bbox 1245 421 1360 450; x_wconf 85' lang='lat' dir='ltr'><strong>ratione</strong></span> <span class='ocrx_word' id='word_1_378' title='bbox 1375 424 1427 451; x_wconf 89' lang='lat' dir='ltr'><strong>aut</strong></span> <span class='ocrx_word' id='word_1_379' title='bbox 1443 423 1537 452; x_wconf 91' lang='lat' dir='ltr'><strong>modo</strong></span> <span class='ocrx_word' id='word_1_380' title='bbox 1555 422 1659 460; x_wconf 84' lang='lat' dir='ltr'><strong>aliquo</strong></span> <span class='ocrx_word' id='word_1_381' title='bbox 1679 421 1832 457; x_wconf 78' lang='lat' dir='ltr'><strong>retinetur,</strong></span> 
     </span>
     <span class='ocr_line' id='line_1_57' title="bbox 1056 463 1835 504; baseline 0.003 -8"><span class='ocrx_word' id='word_1_382' title='bbox 1056 469 1107 496; x_wconf 86' lang='lat' dir='ltr'><strong>aut</strong></span> <span class='ocrx_word' id='word_1_383' title='bbox 1129 468 1286 504; x_wconf 86' lang='lat' dir='ltr'><strong>avertitur,</strong></span> <span class='ocrx_word' id='word_1_384' title='bbox 1310 471 1361 497; x_wconf 83' lang='lat' dir='ltr'><strong>aut</strong></span> <span class='ocrx_word' id='word_1_385' title='bbox 1381 469 1537 498; x_wconf 88' lang='lat' dir='ltr'><strong>remittitur</strong></span> <span class='ocrx_word' id='word_1_386' title='bbox 1556 477 1663 498; x_wconf 87' lang='lat' dir='ltr'><strong>eorum</strong></span> <span class='ocrx_word' id='word_1_387' title='bbox 1688 463 1780 498; x_wconf 77' lang='lat' dir='ltr'><strong>tentio</strong></span> <span class='ocrx_word' id='word_1_388' title='bbox 1801 467 1835 498; x_wconf 83' lang='lat' dir='ltr'><strong>in</strong></span> 
     </span>
     <span class='ocr_line' id='line_1_58' title="bbox 1056 514 1836 553; baseline 0.003 -11"><span class='ocrx_word' id='word_1_389' title='bbox 1056 514 1142 550; x_wconf 89' lang='lat' dir='ltr'><strong>illud,</strong></span> <span class='ocrx_word' id='word_1_390' title='bbox 1159 517 1209 543; x_wconf 86' lang='lat' dir='ltr'><strong>aut</strong></span> <span class='ocrx_word' id='word_1_391' title='bbox 1218 523 1402 552; x_wconf 85' lang='lat' dir='ltr'><strong>progressus,</strong></span> <span class='ocrx_word' id='word_1_392' title='bbox 1418 519 1469 545; x_wconf 91' lang='lat' dir='ltr'><strong>aut</strong></span> <span class='ocrx_word' id='word_1_393' title='bbox 1481 517 1558 545; x_wconf 90' lang='lat' dir='ltr'><strong>illud</strong></span> <span class='ocrx_word' id='word_1_394' title='bbox 1566 517 1710 553; x_wconf 82' lang='lat' dir='ltr'><strong>adeptum</strong></span> <span class='ocrx_word' id='word_1_395' title='bbox 1723 515 1836 545; x_wconf 78' lang='lat' dir='ltr'><strong>amoris</strong></span> 
     </span>
     <span class='ocr_line' id='line_1_59' title="bbox 1057 561 1835 600; baseline 0 -10"><span class='ocrx_word' id='word_1_396' title='bbox 1057 561 1198 598; x_wconf 77' lang='lat' dir='ltr'><strong>amplexu</strong></span> <span class='ocrx_word' id='word_1_397' title='bbox 1213 562 1366 591; x_wconf 83' lang='lat' dir='ltr'><strong>deseritur.</strong></span> <span class='ocrx_word' id='word_1_398' title='bbox 1382 574 1396 590; x_wconf 65' lang='grc' dir='ltr'><strong>ι»</strong></span> <span class='ocrx_word' id='word_1_399' title='bbox 1415 565 1478 592; x_wconf 79' lang='lat' dir='ltr'><strong>lloec</strong></span> <span class='ocrx_word' id='word_1_400' title='bbox 1492 563 1551 592; x_wconf 87' lang='lat' dir='ltr'><strong>ille.</strong></span> <span class='ocrx_word' id='word_1_401' title='bbox 1571 565 1612 592; x_wconf 84' lang='lat' dir='ltr'><strong>Ex</strong></span> <span class='ocrx_word' id='word_1_402' title='bbox 1630 563 1677 592; x_wconf 86' lang='lat' dir='ltr'><strong>his</strong></span> <span class='ocrx_word' id='word_1_403' title='bbox 1696 563 1835 600; x_wconf 80' lang='lat' dir='ltr'><strong>apparet,</strong></span> 
     </span>
     <span class='ocr_line' id='line_1_60' title="bbox 1058 610 1837 646; baseline 0 -9"><span class='ocrx_word' id='word_1_404' title='bbox 1058 611 1203 645; x_wconf 87' lang='lat' dir='ltr'><strong>quantum</strong></span> <span class='ocrx_word' id='word_1_405' title='bbox 1213 617 1298 638; x_wconf 89' lang='lat' dir='ltr'><strong>amor</strong></span> <span class='ocrx_word' id='word_1_406' title='bbox 1313 610 1489 646; x_wconf 87' lang='lat' dir='ltr'><strong>angelorum</strong></span> <span class='ocrx_word' id='word_1_407' title='bbox 1506 610 1622 639; x_wconf 81' lang='lat' dir='ltr'><strong>excedit</strong></span> <span class='ocrx_word' id='word_1_408' title='bbox 1636 617 1771 639; x_wconf 88' lang='lat' dir='ltr'><strong>amorem</strong></span> <span class='ocrx_word' id='word_1_409' title='bbox 1783 617 1837 638; x_wconf 88' lang='lat' dir='ltr'><strong>no-</strong></span> 
     </span>
     <span class='ocr_line' id='line_1_61' title="bbox 1057 656 1836 703; baseline 0 -19"><span class='ocrx_word' id='word_1_410' title='bbox 1057 658 1161 703; x_wconf 75' lang='lat' dir='ltr'><strong>strum,</strong></span> <span class='ocrx_word' id='word_1_411' title='bbox 1186 657 1290 685; x_wconf 81' lang='lat' dir='ltr'><strong>saltem</strong></span> <span class='ocrx_word' id='word_1_412' title='bbox 1309 659 1455 694; x_wconf 86' lang='lat' dir='ltr'><strong>quantum</strong></span> <span class='ocrx_word' id='word_1_413' title='bbox 1469 657 1510 686; x_wconf 87' lang='lat' dir='ltr'><strong>ad</strong></span> <span class='ocrx_word' id='word_1_414' title='bbox 1531 659 1631 686; x_wconf 88' lang='lat' dir='ltr'><strong>actum</strong></span> <span class='ocrx_word' id='word_1_415' title='bbox 1645 659 1673 685; x_wconf 90' lang='lat' dir='ltr'><strong>et</strong></span> <span class='ocrx_word' id='word_1_416' title='bbox 1687 656 1836 693; x_wconf 82' lang='lat' dir='ltr'><strong>operatio-</strong></span> 
     </span>
     <span class='ocr_line' id='line_1_62' title="bbox 1057 703 1838 741; baseline 0.001 -11"><span class='ocrx_word' id='word_1_417' title='bbox 1057 711 1136 731; x_wconf 90' lang='lat' dir='ltr'><strong>nem.</strong></span> <span class='ocrx_word' id='word_1_418' title='bbox 1153 705 1217 732; x_wconf 87' lang='lat' dir='ltr'><strong>Non</strong></span> <span class='ocrx_word' id='word_1_419' title='bbox 1231 704 1400 733; x_wconf 89' lang='lat' dir='ltr'><strong>invenimus</strong></span> <span class='ocrx_word' id='word_1_420' title='bbox 1417 705 1448 732; x_wconf 92' lang='lat' dir='ltr'><strong>in</strong></span> <span class='ocrx_word' id='word_1_421' title='bbox 1462 704 1611 741; x_wconf 88' lang='lat' dir='ltr'><strong>Scriptura</strong></span> <span class='ocrx_word' id='word_1_422' title='bbox 1630 711 1714 732; x_wconf 87' lang='lat' dir='ltr'><strong>sacra</strong></span> <span class='ocrx_word' id='word_1_423' title='bbox 1726 703 1838 739; x_wconf 82' lang='lat' dir='ltr'><strong>gradus</strong></span> 
     </span>
     <span class='ocr_line' id='line_1_63' title="bbox 1059 749 1837 787; baseline 0.001 -10"><span class='ocrx_word' id='word_1_424' title='bbox 1059 749 1169 777; x_wconf 88' lang='lat' dir='ltr'><strong>amoris</strong></span> <span class='ocrx_word' id='word_1_425' title='bbox 1179 750 1307 786; x_wconf 89' lang='lat' dir='ltr'><strong>angelici</strong></span> <span class='ocrx_word' id='word_1_426' title='bbox 1318 751 1454 779; x_wconf 88' lang='lat' dir='ltr'><strong>distincte</strong></span> <span class='ocrx_word' id='word_1_427' title='bbox 1463 751 1597 787; x_wconf 84' lang='lat' dir='ltr'><strong>traditos,</strong></span> <span class='ocrx_word' id='word_1_428' title='bbox 1605 751 1661 779; x_wconf 86' lang='lat' dir='ltr'><strong>nisi</strong></span> <span class='ocrx_word' id='word_1_429' title='bbox 1672 750 1837 787; x_wconf 85' lang='lat' dir='ltr'><strong>Seraphim,</strong></span> 
     </span>
     <span class='ocr_line' id='line_1_64' title="bbox 1060 795 1837 834; baseline 0.003 -11"><span class='ocrx_word' id='word_1_430' title='bbox 1060 795 1097 824; x_wconf 86' lang='lat' dir='ltr'><strong>de</strong></span> <span class='ocrx_word' id='word_1_431' title='bbox 1128 804 1258 832; x_wconf 86' lang='lat' dir='ltr'><strong>quorum</strong></span> <span class='ocrx_word' id='word_1_432' title='bbox 1282 805 1385 826; x_wconf 89' lang='lat' dir='ltr'><strong>amore</strong></span> <span class='ocrx_word' id='word_1_433' title='bbox 1413 797 1571 834; x_wconf 87' lang='lat' dir='ltr'><strong>Dionysius</strong></span> <span class='ocrx_word' id='word_1_434' title='bbox 1596 797 1724 834; x_wconf 83' lang='lat' dir='ltr'><strong>loquens</strong></span> <span class='ocrx_word' id='word_1_435' title='bbox 1751 797 1837 834; x_wconf 89' lang='lat' dir='ltr'><strong>ponit</strong></span> 
     </span>
     <span class='ocr_line' id='line_1_65' title="bbox 1060 843 1838 881; baseline 0.003 -11"><span class='ocrx_word' id='word_1_436' title='bbox 1060 843 1194 880; x_wconf 82' lang='lat' dir='ltr'><strong>quinque</strong></span> <span class='ocrx_word' id='word_1_437' title='bbox 1209 843 1331 879; x_wconf 86' lang='lat' dir='ltr'><strong>gradus,</strong></span> <span class='ocrx_word' id='word_1_438' title='bbox 1346 843 1395 872; x_wconf 80' lang='lat' dir='ltr'><strong>vel</strong></span> <span class='ocrx_word' id='word_1_439' title='bbox 1416 844 1512 880; x_wconf 85' lang='lat' dir='ltr'><strong>magis</strong></span> <span class='ocrx_word' id='word_1_440' title='bbox 1526 844 1659 880; x_wconf 87' lang='lat' dir='ltr'><strong>quinque</strong></span> <span class='ocrx_word' id='word_1_441' title='bbox 1673 844 1838 881; x_wconf 83' lang='lat' dir='ltr'><strong>proprieta-</strong></span> 
     </span>
     <span class='ocr_line' id='line_1_66' title="bbox 1060 889 1840 927; baseline 0 -9"><span class='ocrx_word' id='word_1_442' title='bbox 1060 891 1113 924; x_wconf 83' lang='lat' dir='ltr'><strong>tes,</strong></span> <span class='ocrx_word' id='word_1_443' title='bbox 1129 890 1231 918; x_wconf 87' lang='lat' dir='ltr'><strong>dicens</strong></span> <span class='ocrx_word' id='word_1_444' title='bbox 1245 892 1256 908; x_wconf 78' lang='lat'>³</span> <span class='ocrx_word' id='word_1_445' title='bbox 1272 900 1278 918; x_wconf 90' lang='lat'>:</span> <span class='ocrx_word' id='word_1_446' title='bbox 1296 901 1309 917; x_wconf 87' lang='lat'>«</span> <span class='ocrx_word' id='word_1_447' title='bbox 1323 892 1497 927; x_wconf 82' lang='lat' dir='ltr'><strong>Congruum</strong></span> <span class='ocrx_word' id='word_1_448' title='bbox 1519 893 1577 927; x_wconf 90' lang='lat' dir='ltr'><strong>est,</strong></span> <span class='ocrx_word' id='word_1_449' title='bbox 1593 893 1625 919; x_wconf 92' lang='lat' dir='ltr'><strong>ut</strong></span> <span class='ocrx_word' id='word_1_450' title='bbox 1643 890 1675 918; x_wconf 91' lang='lat' dir='ltr'><strong>in</strong></span> <span class='ocrx_word' id='word_1_451' title='bbox 1693 889 1840 927; x_wconf 85' lang='lat' dir='ltr'><strong>supremis</strong></span> 
     </span>
     <span class='ocr_line' id='line_1_67' title="bbox 1060 937 1840 975; baseline 0.003 -11"><span class='ocrx_word' id='word_1_452' title='bbox 1060 937 1230 965; x_wconf 88' lang='lat' dir='ltr'><strong>substantiis</strong></span> <span class='ocrx_word' id='word_1_453' title='bbox 1246 938 1399 966; x_wconf 79' lang='lat' dir='ltr'><strong>ordinetur</strong></span> <span class='ocrx_word' id='word_1_454' title='bbox 1412 937 1509 975; x_wconf 88' lang='lat' dir='ltr'><strong>prima</strong></span> <span class='ocrx_word' id='word_1_455' title='bbox 1520 937 1698 972; x_wconf 84' lang='lat' dir='ltr'><strong>hierarchia,</strong></span> <span class='ocrx_word' id='word_1_456' title='bbox 1710 945 1777 974; x_wconf 80' lang='lat' dir='ltr'><strong>quae</strong></span> <span class='ocrx_word' id='word_1_457' title='bbox 1789 945 1840 966; x_wconf 91' lang='lat' dir='ltr'><strong>su-</strong></span> 
     </span>
     <span class='ocr_line' id='line_1_68' title="bbox 1061 983 1840 1020; baseline 0 -8"><span class='ocrx_word' id='word_1_458' title='bbox 1061 992 1114 1020; x_wconf 88' lang='lat' dir='ltr'><strong>per</strong></span> <span class='ocrx_word' id='word_1_459' title='bbox 1129 986 1245 1012; x_wconf 66' lang='lat' dir='ltr'><strong>caeteras</strong></span> <span class='ocrx_word' id='word_1_460' title='bbox 1256 984 1412 1020; x_wconf 80' lang='lat' dir='ltr'><strong>exaltatur,</strong></span> <span class='ocrx_word' id='word_1_461' title='bbox 1428 987 1456 1012; x_wconf 92' lang='lat' dir='ltr'><strong>et</strong></span> <span class='ocrx_word' id='word_1_462' title='bbox 1470 985 1549 1013; x_wconf 90' lang='lat' dir='ltr'><strong>circa</strong></span> <span class='ocrx_word' id='word_1_463' title='bbox 1563 986 1655 1013; x_wconf 89' lang='lat' dir='ltr'><strong>Deum</strong></span> <span class='ocrx_word' id='word_1_464' title='bbox 1670 983 1840 1012; x_wconf 82' lang='lat' dir='ltr'><strong>immediate</strong></span> 
     </span>
     <span class='ocr_line' id='line_1_69' title="bbox 1062 1030 1840 1068; baseline 0 -10"><span class='ocrx_word' id='word_1_465' title='bbox 1062 1030 1235 1066; x_wconf 82' lang='lat' dir='ltr'><strong>collocatur,</strong></span> <span class='ocrx_word' id='word_1_466' title='bbox 1252 1031 1291 1059; x_wconf 89' lang='lat' dir='ltr'><strong>ad</strong></span> <span class='ocrx_word' id='word_1_467' title='bbox 1305 1039 1407 1067; x_wconf 89' lang='lat' dir='ltr'><strong>quam,</strong></span> <span class='ocrx_word' id='word_1_468' title='bbox 1424 1033 1569 1068; x_wconf 84' lang='lat' dir='ltr'><strong>tanquam</strong></span> <span class='ocrx_word' id='word_1_469' title='bbox 1585 1033 1643 1060; x_wconf 87' lang='lat' dir='ltr'><strong>Deo</strong></span> <span class='ocrx_word' id='word_1_470' title='bbox 1658 1031 1840 1067; x_wconf 83' lang='lat' dir='ltr'><strong>proximam,</strong></span> 
     </span>
     <span class='ocr_line' id='line_1_70' title="bbox 1062 1077 1841 1115; baseline 0.001 -10"><span class='ocrx_word' id='word_1_471' title='bbox 1062 1078 1254 1114; x_wconf 86' lang='lat' dir='ltr'><strong>principalius</strong></span> <span class='ocrx_word' id='word_1_472' title='bbox 1268 1078 1441 1106; x_wconf 82' lang='lat' dir='ltr'><strong>deseruntur</strong></span> <span class='ocrx_word' id='word_1_473' title='bbox 1464 1079 1567 1115; x_wconf 73' lang='lat' dir='ltr'><strong>primae</strong></span> <span class='ocrx_word' id='word_1_474' title='bbox 1587 1079 1624 1114; x_wconf 71' lang='lat'><strong>(9)</strong></span> <span class='ocrx_word' id='word_1_475' title='bbox 1640 1078 1689 1106; x_wconf 90' lang='lat' dir='ltr'><strong>Dei</strong></span> <span class='ocrx_word' id='word_1_476' title='bbox 1703 1077 1841 1106; x_wconf 86' lang='lat' dir='ltr'><strong>influitio-</strong></span> 
     </span>
     <span class='ocr_line' id='line_1_71' title="bbox 1062 1124 1842 1161; baseline -0.001 -8"><span class='ocrx_word' id='word_1_477' title='bbox 1062 1132 1114 1153; x_wconf 81' lang='lat' dir='ltr'><strong>nes</strong></span> <span class='ocrx_word' id='word_1_478' title='bbox 1124 1127 1151 1153; x_wconf 86' lang='lat' dir='ltr'><strong>et</strong></span> <span class='ocrx_word' id='word_1_479' title='bbox 1159 1124 1362 1161; x_wconf 77' lang='lat' dir='ltr'><strong>perfectiones.</strong></span> <span class='ocrx_word' id='word_1_480' title='bbox 1374 1126 1405 1153; x_wconf 86' lang='lat' dir='ltr'><strong>Et</strong></span> <span class='ocrx_word' id='word_1_481' title='bbox 1416 1125 1495 1153; x_wconf 90' lang='lat' dir='ltr'><strong>illius</strong></span> <span class='ocrx_word' id='word_1_482' title='bbox 1507 1124 1681 1153; x_wconf 82' lang='lat' dir='ltr'><strong>hierarchioe</strong></span> <span class='ocrx_word' id='word_1_483' title='bbox 1694 1124 1770 1153; x_wconf 89' lang='lat' dir='ltr'><strong>ordo</strong></span> <span class='ocrx_word' id='word_1_484' title='bbox 1781 1124 1842 1160; x_wconf 86' lang='lat' dir='ltr'><strong>pri-</strong></span> 
     </span>
     <span class='ocr_line' id='line_1_72' title="bbox 1063 1171 1843 1208; baseline -0.001 -9"><span class='ocrx_word' id='word_1_485' title='bbox 1063 1180 1129 1199; x_wconf 84' lang='lat' dir='ltr'><strong>mns</strong></span> <span class='ocrx_word' id='word_1_486' title='bbox 1152 1171 1322 1208; x_wconf 86' lang='lat' dir='ltr'><strong>Seraphim,</strong></span> <span class='ocrx_word' id='word_1_487' title='bbox 1338 1171 1368 1199; x_wconf 91' lang='lat' dir='ltr'><strong>id</strong></span> <span class='ocrx_word' id='word_1_488' title='bbox 1389 1174 1444 1206; x_wconf 71' lang='lat' dir='ltr'><strong>est,</strong></span> <span class='ocrx_word' id='word_1_489' title='bbox 1465 1173 1670 1206; x_wconf 77' lang='lat' dir='ltr'><strong>calefacientes,</strong></span> <span class='ocrx_word' id='word_1_490' title='bbox 1685 1171 1733 1199; x_wconf 84' lang='lat' dir='ltr'><strong>vel</strong></span> <span class='ocrx_word' id='word_1_491' title='bbox 1753 1172 1843 1198; x_wconf 79' lang='lat' dir='ltr'><strong>ineen-</strong></span> 
     </span>
     <span class='ocr_line' id='line_1_73' title="bbox 1063 1217 1842 1255; baseline 0 -10"><span class='ocrx_word' id='word_1_492' title='bbox 1063 1219 1154 1247; x_wconf 77' lang='lat' dir='ltr'><strong>dentes</strong></span> <span class='ocrx_word' id='word_1_493' title='bbox 1166 1219 1405 1255; x_wconf 83' lang='lat' dir='ltr'><strong>interpretantur.</strong></span> <span class='ocrx_word' id='word_1_494' title='bbox 1417 1230 1429 1244; x_wconf 89' lang='lat'>»</span> <span class='ocrx_word' id='word_1_495' title='bbox 1444 1218 1580 1254; x_wconf 88' lang='lat' dir='ltr'><strong>Sequitur</strong></span> <span class='ocrx_word' id='word_1_496' title='bbox 1592 1227 1599 1246; x_wconf 88' lang='lat'>:</span> <span class='ocrx_word' id='word_1_497' title='bbox 1613 1228 1628 1244; x_wconf 75' lang='grc' dir='ltr'><strong>α</strong></span> <span class='ocrx_word' id='word_1_498' title='bbox 1640 1217 1842 1254; x_wconf 82' lang='lat' dir='ltr'><strong>interpretatio</strong></span> 
     </span>
     <span class='ocr_line' id='line_1_74' title="bbox 1064 1263 1846 1300; baseline -0.001 -7"><span class='ocrx_word' id='word_1_499' title='bbox 1064 1269 1163 1294; x_wconf 86' lang='lat' dir='ltr'><strong>autem</strong></span> <span class='ocrx_word' id='word_1_500' title='bbox 1178 1266 1259 1294; x_wconf 84' lang='lat' dir='ltr'><strong>istius</strong></span> <span class='ocrx_word' id='word_1_501' title='bbox 1275 1266 1404 1294; x_wconf 91' lang='lat' dir='ltr'><strong>nominis</strong></span> <span class='ocrx_word' id='word_1_502' title='bbox 1418 1266 1572 1300; x_wconf 77' lang='lat' dir='ltr'><strong>Seraphim,</strong></span> <span class='ocrx_word' id='word_1_503' title='bbox 1586 1265 1754 1292; x_wconf 81' lang='lat' dir='ltr'><strong>incendentes</strong></span> <span class='ocrx_word' id='word_1_504' title='bbox 1764 1285 1773 1299; x_wconf 95' lang='lat'><strong>,</strong></span> <span class='ocrx_word' id='word_1_505' title='bbox 1796 1263 1846 1292; x_wconf 90' lang='lat' dir='ltr'><strong>vel</strong></span> 
     </span>
     <span class='ocr_line' id='line_1_75' title="bbox 1065 1310 1844 1349; baseline -0.001 -10"><span class='ocrx_word' id='word_1_506' title='bbox 1065 1314 1115 1340; x_wconf 68' lang='lat' dir='ltr'><strong>cul&lt;</strong></span> <span class='ocrx_word' id='word_1_507' title='bbox 1122 1315 1272 1348; x_wconf 73' lang='lat' dir='ltr'><strong>facientes,</strong></span> <span class='ocrx_word' id='word_1_508' title='bbox 1284 1313 1370 1349; x_wconf 82' lang='lat' dir='ltr'><strong>juxta</strong></span> <span class='ocrx_word' id='word_1_509' title='bbox 1385 1312 1534 1341; x_wconf 85' lang='lat' dir='ltr'><strong>naturales</strong></span> <span class='ocrx_word' id='word_1_510' title='bbox 1548 1311 1743 1348; x_wconf 85' lang='lat' dir='ltr'><strong>proprietates</strong></span> <span class='ocrx_word' id='word_1_511' title='bbox 1757 1310 1844 1347; x_wconf 86' lang='lat' dir='ltr'><strong>ignis,</strong></span> 
     </span>
     <span class='ocr_line' id='line_1_76' title="bbox 1066 1359 1846 1396; baseline -0.003 -8"><span class='ocrx_word' id='word_1_512' title='bbox 1066 1361 1116 1396; x_wconf 81' lang='lat' dir='ltr'><strong>qui</strong></span> <span class='ocrx_word' id='word_1_513' title='bbox 1133 1361 1264 1388; x_wconf 87' lang='lat' dir='ltr'><strong>incendit</strong></span> <span class='ocrx_word' id='word_1_514' title='bbox 1285 1363 1312 1388; x_wconf 89' lang='lat' dir='ltr'><strong>et</strong></span> <span class='ocrx_word' id='word_1_515' title='bbox 1331 1360 1473 1395; x_wconf 83' lang='lat' dir='ltr'><strong>ealefacit,</strong></span> <span class='ocrx_word' id='word_1_516' title='bbox 1497 1360 1585 1388; x_wconf 90' lang='lat' dir='ltr'><strong>nobis</strong></span> <span class='ocrx_word' id='word_1_517' title='bbox 1604 1359 1751 1395; x_wconf 85' lang='lat' dir='ltr'><strong>significat</strong></span> <span class='ocrx_word' id='word_1_518' title='bbox 1764 1361 1846 1387; x_wconf 81' lang='lat' dir='ltr'><strong>aeter-</strong></span> 
     </span>
     <span class='ocr_line' id='line_1_77' title="bbox 1067 1405 1847 1436; baseline -0.003 -1"><span class='ocrx_word' id='word_1_519' title='bbox 1067 1416 1136 1435; x_wconf 86' lang='lat' dir='ltr'><strong>nam</strong></span> <span class='ocrx_word' id='word_1_520' title='bbox 1158 1408 1354 1436; x_wconf 87' lang='lat' dir='ltr'><strong>mobilitatem</strong></span> <span class='ocrx_word' id='word_1_521' title='bbox 1375 1407 1608 1435; x_wconf 86' lang='lat' dir='ltr'><strong>substantiarum</strong></span> <span class='ocrx_word' id='word_1_522' title='bbox 1626 1406 1708 1434; x_wconf 89' lang='lat' dir='ltr'><strong>illius</strong></span> <span class='ocrx_word' id='word_1_523' title='bbox 1733 1405 1847 1434; x_wconf 86' lang='lat' dir='ltr'><strong>ordinis</strong></span> 
     </span>
     <span class='ocr_line' id='line_1_78' title="bbox 1068 1452 1846 1490; baseline -0.003 -8"><span class='ocrx_word' id='word_1_524' title='bbox 1068 1455 1145 1482; x_wconf 85' lang='lat' dir='ltr'><strong>cirea</strong></span> <span class='ocrx_word' id='word_1_525' title='bbox 1161 1455 1274 1490; x_wconf 87' lang='lat' dir='ltr'><strong>divina,</strong></span> <span class='ocrx_word' id='word_1_526' title='bbox 1287 1457 1313 1482; x_wconf 89' lang='lat' dir='ltr'><strong>ct</strong></span> <span class='ocrx_word' id='word_1_527' title='bbox 1328 1454 1596 1488; x_wconf 82' lang='lat' dir='ltr'><strong>incessabilitatem,</strong></span> <span class='ocrx_word' id='word_1_528' title='bbox 1612 1455 1640 1481; x_wconf 88' lang='lat' dir='ltr'><strong>et</strong></span> <span class='ocrx_word' id='word_1_529' title='bbox 1655 1452 1846 1488; x_wconf 87' lang='lat' dir='ltr'><strong>caliditatem,</strong></span> 
     </span>
     <span class='ocr_line' id='line_1_79' title="bbox 1069 1499 1849 1538; baseline -0.003 -9"><span class='ocrx_word' id='word_1_530' title='bbox 1069 1504 1095 1529; x_wconf 84' lang='lat' dir='ltr'><strong>ct</strong></span> <span class='ocrx_word' id='word_1_531' title='bbox 1111 1504 1230 1529; x_wconf 80' lang='lat' dir='ltr'><strong>acutum</strong></span> <span class='ocrx_word' id='word_1_532' title='bbox 1247 1504 1275 1529; x_wconf 86' lang='lat' dir='ltr'><strong>et</strong></span> <span class='ocrx_word' id='word_1_533' title='bbox 1289 1501 1538 1538; x_wconf 81' lang='lat' dir='ltr'><strong>superfervidum.</strong></span> <span class='ocrx_word' id='word_1_534' title='bbox 1551 1500 1615 1529; x_wconf 80' lang='lat' dir='ltr'><strong>Alia</strong></span> <span class='ocrx_word' id='word_1_535' title='bbox 1630 1499 1782 1528; x_wconf 85' lang='lat' dir='ltr'><strong>translatio</strong></span> <span class='ocrx_word' id='word_1_536' title='bbox 1796 1499 1849 1527; x_wconf 88' lang='lat' dir='ltr'><strong>ha-</strong></span> 
     </span>
     <span class='ocr_line' id='line_1_80' title="bbox 1070 1547 1849 1583; baseline -0.003 -7"><span class='ocrx_word' id='word_1_537' title='bbox 1070 1549 1135 1577; x_wconf 86' lang='lat' dir='ltr'><strong>bet:</strong></span> <span class='ocrx_word' id='word_1_538' title='bbox 1152 1560 1164 1574; x_wconf 84' lang='lat'>«</span> <span class='ocrx_word' id='word_1_539' title='bbox 1176 1551 1203 1576; x_wconf 93' lang='lat' dir='ltr'><strong>et</strong></span> <span class='ocrx_word' id='word_1_540' title='bbox 1218 1548 1410 1576; x_wconf 77' lang='lat' dir='ltr'><strong>excedentem</strong></span> <span class='ocrx_word' id='word_1_541' title='bbox 1423 1548 1570 1576; x_wconf 75' lang='lat' dir='ltr'><strong>servorem</strong></span> <span class='ocrx_word' id='word_1_542' title='bbox 1584 1547 1770 1583; x_wconf 68' lang='lat' dir='ltr'><strong>sempiternas</strong></span> <span class='ocrx_word' id='word_1_543' title='bbox 1784 1554 1849 1574; x_wconf 89' lang='lat' dir='ltr'><strong>mo-</strong></span> 
     </span>
     <span class='ocr_line' id='line_1_81' title="bbox 1071 1593 1851 1630; baseline -0.004 -6"><span class='ocrx_word' id='word_1_544' title='bbox 1071 1596 1157 1625; x_wconf 78' lang='lat' dir='ltr'><strong>tionis</strong></span> <span class='ocrx_word' id='word_1_545' title='bbox 1181 1604 1284 1623; x_wconf 87' lang='lat' dir='ltr'><strong>eorum</strong></span> <span class='ocrx_word' id='word_1_546' title='bbox 1310 1595 1340 1622; x_wconf 91' lang='lat' dir='ltr'><strong>in</strong></span> <span class='ocrx_word' id='word_1_547' title='bbox 1356 1596 1458 1628; x_wconf 89' lang='lat' dir='ltr'><strong>Deum,</strong></span> <span class='ocrx_word' id='word_1_548' title='bbox 1474 1603 1540 1630; x_wconf 87' lang='lat' dir='ltr'><strong>quoe</strong></span> <span class='ocrx_word' id='word_1_549' title='bbox 1559 1593 1750 1622; x_wconf 86' lang='lat' dir='ltr'><strong>attentissima</strong></span> <span class='ocrx_word' id='word_1_550' title='bbox 1766 1596 1809 1622; x_wconf 90' lang='lat' dir='ltr'><strong>est</strong></span> <span class='ocrx_word' id='word_1_551' title='bbox 1822 1595 1851 1622; x_wconf 88' lang='lat' dir='ltr'><strong>et</strong></span> 
     </span>
     <span class='ocr_line' id='line_1_82' title="bbox 1071 1641 1850 1677; baseline -0.004 -6"><span class='ocrx_word' id='word_1_552' title='bbox 1071 1642 1292 1677; x_wconf 82' lang='lat' dir='ltr'><strong>irremissibilis,</strong></span> <span class='ocrx_word' id='word_1_553' title='bbox 1305 1644 1332 1670; x_wconf 91' lang='lat' dir='ltr'><strong>et</strong></span> <span class='ocrx_word' id='word_1_554' title='bbox 1343 1642 1371 1669; x_wconf 91' lang='lat' dir='ltr'><strong>in</strong></span> <span class='ocrx_word' id='word_1_555' title='bbox 1383 1641 1466 1670; x_wconf 86' lang='lat' dir='ltr'><strong>aliud</strong></span> <span class='ocrx_word' id='word_1_556' title='bbox 1481 1641 1680 1669; x_wconf 88' lang='lat' dir='ltr'><strong>desiderabile</strong></span> <span class='ocrx_word' id='word_1_557' title='bbox 1692 1648 1850 1677; x_wconf 87' lang='lat' dir='ltr'><strong>nunquam</strong></span> 
     </span>
     <span class='ocr_line' id='line_1_83' title="bbox 1073 1687 1850 1718; baseline -0.004 0"><span class='ocrx_word' id='word_1_558' title='bbox 1073 1690 1236 1718; x_wconf 79' lang='lat' dir='ltr'><strong>declinans.</strong></span> <span class='ocrx_word' id='word_1_559' title='bbox 1253 1700 1266 1715; x_wconf 82' lang='lat'>»</span> <span class='ocrx_word' id='word_1_560' title='bbox 1285 1691 1347 1716; x_wconf 67' lang='lat' dir='ltr'><strong>lirec</strong></span> <span class='ocrx_word' id='word_1_561' title='bbox 1361 1688 1452 1716; x_wconf 71' lang='lat' dir='ltr'><strong>verba</strong></span> <span class='ocrx_word' id='word_1_562' title='bbox 1468 1688 1664 1716; x_wconf 83' lang='lat' dir='ltr'><strong>occultissima</strong></span> <span class='ocrx_word' id='word_1_563' title='bbox 1679 1690 1765 1715; x_wconf 85' lang='lat' dir='ltr'><strong>sunt:</strong></span> <span class='ocrx_word' id='word_1_564' title='bbox 1781 1687 1850 1715; x_wconf 88' lang='lat' dir='ltr'><strong>ideo</strong></span> 
     </span>
     <span class='ocr_line' id='line_1_84' title="bbox 1071 1733 1852 1770; baseline -0.004 -6"><span class='ocrx_word' id='word_1_565' title='bbox 1071 1737 1269 1765; x_wconf 73' lang='lat' dir='ltr'><strong>Lineoniensis</strong></span> <span class='ocrx_word' id='word_1_566' title='bbox 1283 1737 1513 1768; x_wconf 71' lang='lat' dir='ltr'><strong>commentator,</strong></span> <span class='ocrx_word' id='word_1_567' title='bbox 1539 1742 1693 1770; x_wconf 85' lang='lat' dir='ltr'><strong>exponens</strong></span> <span class='ocrx_word' id='word_1_568' title='bbox 1719 1742 1764 1769; x_wconf 88' lang='lat' dir='ltr'><strong>ea,</strong></span> <span class='ocrx_word' id='word_1_569' title='bbox 1781 1733 1852 1762; x_wconf 90' lang='lat' dir='ltr'><strong>dicit</strong></span> 
     </span>
     <span class='ocr_line' id='line_1_85' title="bbox 1073 1780 1850 1815; baseline -0.003 -5"><span class='ocrx_word' id='word_1_570' title='bbox 1073 1784 1112 1811; x_wconf 85' lang='lat' dir='ltr'><strong>sic</strong></span> <span class='ocrx_word' id='word_1_571' title='bbox 1129 1793 1134 1810; x_wconf 87' lang='lat'><strong>:</strong></span> <span class='ocrx_word' id='word_1_572' title='bbox 1151 1795 1163 1808; x_wconf 61' lang='lat' dir='ltr'><strong>a</strong></span> <span class='ocrx_word' id='word_1_573' title='bbox 1180 1783 1222 1810; x_wconf 69' lang='lat' dir='ltr'><strong>Ad</strong></span> <span class='ocrx_word' id='word_1_574' title='bbox 1240 1783 1294 1809; x_wconf 83' lang='lat' dir='ltr'><strong>hos</strong></span> <span class='ocrx_word' id='word_1_575' title='bbox 1309 1781 1468 1809; x_wconf 80' lang='lat' dir='ltr'><strong>deiformes</strong></span> <span class='ocrx_word' id='word_1_576' title='bbox 1482 1780 1602 1809; x_wconf 85' lang='lat' dir='ltr'><strong>habitus</strong></span> <span class='ocrx_word' id='word_1_577' title='bbox 1626 1783 1686 1808; x_wconf 91' lang='lat' dir='ltr'><strong>tam</strong></span> <span class='ocrx_word' id='word_1_578' title='bbox 1708 1780 1850 1815; x_wconf 84' lang='lat' dir='ltr'><strong>excelsos,</strong></span> 
     </span>
     <span class='ocr_line' id='line_1_86' title="bbox 1074 1827 1851 1864; baseline -0.003 -7"><span class='ocrx_word' id='word_1_579' title='bbox 1074 1833 1101 1858; x_wconf 85' lang='lat' dir='ltr'><strong>et</strong></span> <span class='ocrx_word' id='word_1_580' title='bbox 1116 1839 1132 1857; x_wconf 90' lang='lat' dir='ltr'><strong>a</strong></span> <span class='ocrx_word' id='word_1_581' title='bbox 1149 1832 1246 1857; x_wconf 76' lang='lat' dir='ltr'><strong>nostra</strong></span> <span class='ocrx_word' id='word_1_582' title='bbox 1264 1828 1432 1856; x_wconf 82' lang='lat' dir='ltr'><strong>infirmitate</strong></span> <span class='ocrx_word' id='word_1_583' title='bbox 1448 1828 1648 1864; x_wconf 81' lang='lat' dir='ltr'><strong>longinquos,</strong></span> <span class='ocrx_word' id='word_1_584' title='bbox 1664 1829 1693 1855; x_wconf 92' lang='lat' dir='ltr'><strong>et</strong></span> <span class='ocrx_word' id='word_1_585' title='bbox 1706 1827 1783 1855; x_wconf 88' lang='lat' dir='ltr'><strong>visui</strong></span> <span class='ocrx_word' id='word_1_586' title='bbox 1798 1835 1851 1855; x_wconf 93' lang='lat' dir='ltr'><strong>no-</strong></span> 
     </span>
     <span class='ocr_line' id='line_1_87' title="bbox 1074 1874 1852 1910; baseline -0.003 -6"><span class='ocrx_word' id='word_1_587' title='bbox 1074 1879 1133 1905; x_wconf 77' lang='lat' dir='ltr'><strong>stro</strong></span> <span class='ocrx_word' id='word_1_588' title='bbox 1149 1879 1209 1904; x_wconf 82' lang='lat' dir='ltr'><strong>tam</strong></span> <span class='ocrx_word' id='word_1_589' title='bbox 1225 1875 1416 1904; x_wconf 84' lang='lat' dir='ltr'><strong>absconditos</strong></span> <span class='ocrx_word' id='word_1_590' title='bbox 1431 1874 1643 1910; x_wconf 77' lang='lat' dir='ltr'><strong>exponend08‚</strong></span> <span class='ocrx_word' id='word_1_591' title='bbox 1659 1874 1782 1902; x_wconf 84' lang='lat' dir='ltr'><strong>omnino</strong></span> <span class='ocrx_word' id='word_1_592' title='bbox 1796 1874 1852 1902; x_wconf 76' lang='lat' dir='ltr'><strong>mi⁴</strong></span> 
     </span>
     <span class='ocr_line' id='line_1_88' title="bbox 1074 1922 1853 1953; baseline -0.006 0"><span class='ocrx_word' id='word_1_593' title='bbox 1074 1934 1162 1953; x_wconf 77' lang='lat' dir='ltr'><strong>nores</strong></span> <span class='ocrx_word' id='word_1_594' title='bbox 1172 1923 1452 1952; x_wconf 56' lang='lat' dir='ltr'><strong>suinusA&#39;erisimile</strong></span> <span class='ocrx_word' id='word_1_595' title='bbox 1468 1925 1510 1950; x_wconf 87' lang='lat' dir='ltr'><strong>est</strong></span> <span class='ocrx_word' id='word_1_596' title='bbox 1525 1922 1605 1950; x_wconf 88' lang='lat' dir='ltr'><strong>enim</strong></span> <span class='ocrx_word' id='word_1_597' title='bbox 1619 1922 1676 1950; x_wconf 90' lang='lat' dir='ltr'><strong>hoc</strong></span> <span class='ocrx_word' id='word_1_598' title='bbox 1693 1929 1754 1950; x_wconf 87' lang='lat' dir='ltr'><strong>esse</strong></span> <span class='ocrx_word' id='word_1_599' title='bbox 1765 1922 1798 1949; x_wconf 84' lang='lat' dir='ltr'><strong>de</strong></span> <span class='ocrx_word' id='word_1_600' title='bbox 1808 1929 1853 1948; x_wconf 83' lang='lat' dir='ltr'><strong>ar-</strong></span> 
     </span>
     <span class='ocr_line' id='line_1_89' title="bbox 1075 1967 1854 2007; baseline -0.005 -8"><span class='ocrx_word' id='word_1_601' title='bbox 1075 1974 1150 1999; x_wconf 70' lang='lat' dir='ltr'><strong>canis</strong></span> <span class='ocrx_word' id='word_1_602' title='bbox 1166 1973 1262 2006; x_wconf 67' lang='lat' dir='ltr'><strong>verbis,</strong></span> <span class='ocrx_word' id='word_1_603' title='bbox 1287 1980 1352 2007; x_wconf 59' lang='lat' dir='ltr'><strong>quse</strong></span> <span class='ocrx_word' id='word_1_604' title='bbox 1368 1970 1473 1998; x_wconf 74' lang='lat' dir='ltr'><strong>Paulus</strong></span> <span class='ocrx_word' id='word_1_605' title='bbox 1487 1969 1518 1997; x_wconf 87' lang='lat' dir='ltr'><strong>in</strong></span> <span class='ocrx_word' id='word_1_606' title='bbox 1533 1970 1620 2005; x_wconf 85' lang='lat' dir='ltr'><strong>raptu</strong></span> <span class='ocrx_word' id='word_1_607' title='bbox 1634 1977 1688 1996; x_wconf 88' lang='lat' dir='ltr'><strong>suo</strong></span> <span class='ocrx_word' id='word_1_608' title='bbox 1705 1968 1819 1996; x_wconf 85' lang='lat' dir='ltr'><strong>audivit</strong></span> <span class='ocrx_word' id='word_1_609' title='bbox 1832 1967 1854 2003; x_wconf 68' lang='lat'><strong>⁴,</strong></span> 
     </span>
     <span class='ocr_line' id='line_1_90' title="bbox 1076 2015 1853 2054; baseline -0.004 -9"><span class='ocrx_word' id='word_1_610' title='bbox 1076 2028 1134 2054; x_wconf 72' lang='lat' dir='ltr'><em>‘11¹OE</em></span> <span class='ocrx_word' id='word_1_611' title='bbox 1150 2020 1253 2045; x_wconf 72' lang='lat' dir='ltr'><strong>homini</strong></span> <span class='ocrx_word' id='word_1_612' title='bbox 1268 2026 1319 2045; x_wconf 81' lang='lat' dir='ltr'><strong>non</strong></span> <span class='ocrx_word' id='word_1_613' title='bbox 1337 2019 1398 2045; x_wconf 76' lang='lat' dir='ltr'><strong>licet</strong></span> <span class='ocrx_word' id='word_1_614' title='bbox 1413 2018 1496 2052; x_wconf 74' lang='lat' dir='ltr'><strong>loqui.</strong></span> <span class='ocrx_word' id='word_1_615' title='bbox 1513 2017 1577 2044; x_wconf 66' lang='lat' dir='ltr'><strong>Haec</strong></span> <span class='ocrx_word' id='word_1_616' title='bbox 1600 2018 1699 2044; x_wconf 85' lang='lat' dir='ltr'><strong>tamen</strong></span> <span class='ocrx_word' id='word_1_617' title='bbox 1714 2015 1853 2051; x_wconf 90' lang='lat' dir='ltr'><strong>Dionysio</strong></span> 
     </span>
     <span class='ocr_line' id='line_1_91' title="bbox 1077 2062 1855 2101; baseline -0.005 -8"><span class='ocrx_word' id='word_1_618' title='bbox 1077 2066 1161 2101; x_wconf 83' lang='lat' dir='ltr'><strong>qnasi</strong></span> <span class='ocrx_word' id='word_1_619' title='bbox 1185 2065 1398 2101; x_wconf 78' lang='lat' dir='ltr'><strong>specialissimo</strong></span> <span class='ocrx_word' id='word_1_620' title='bbox 1422 2063 1583 2099; x_wconf 88' lang='lat' dir='ltr'><strong>discipulo,</strong></span> <span class='ocrx_word' id='word_1_621' title='bbox 1610 2064 1638 2090; x_wconf 88' lang='lat' dir='ltr'><strong>et</strong></span> <span class='ocrx_word' id='word_1_622' title='bbox 1661 2062 1770 2090; x_wconf 88' lang='lat' dir='ltr'><strong>coelesti</strong></span> <span class='ocrx_word' id='word_1_623' title='bbox 1793 2062 1855 2098; x_wconf 87' lang='lat' dir='ltr'><strong>ejus</strong></span> 
     </span>
     <span class='ocr_line' id='line_1_92' title="bbox 1078 2108 1856 2146; baseline -0.006 -6"><span class='ocrx_word' id='word_1_624' title='bbox 1078 2113 1192 2140; x_wconf 77' lang='lat' dir='ltr'><strong>concivi</strong></span> <span class='ocrx_word' id='word_1_625' title='bbox 1211 2112 1327 2139; x_wconf 78' lang='lat' dir='ltr'><strong>locutus</strong></span> <span class='ocrx_word' id='word_1_626' title='bbox 1342 2112 1394 2145; x_wconf 82' lang='lat' dir='ltr'><strong>est,</strong></span> <span class='ocrx_word' id='word_1_627' title='bbox 1411 2119 1477 2146; x_wconf 77' lang='lat' dir='ltr'><strong>quoe</strong></span> <span class='ocrx_word' id='word_1_628' title='bbox 1492 2110 1555 2144; x_wconf 85' lang='lat' dir='ltr'><strong>iste,</strong></span> <span class='ocrx_word' id='word_1_629' title='bbox 1572 2111 1604 2137; x_wconf 85' lang='lat' dir='ltr'><strong>ut</strong></span> <span class='ocrx_word' id='word_1_630' title='bbox 1618 2108 1773 2142; x_wconf 81' lang='lat' dir='ltr'><strong>existimo,</strong></span> <span class='ocrx_word' id='word_1_631' title='bbox 1795 2115 1856 2136; x_wconf 92' lang='lat' dir='ltr'><strong>non</strong></span> 
     </span>
     <span class='ocr_line' id='line_1_93' title="bbox 1078 2155 1856 2192; baseline -0.005 -6"><span class='ocrx_word' id='word_1_632' title='bbox 1078 2159 1218 2187; x_wconf 77' lang='lat' dir='ltr'><strong>omnibus</strong></span> <span class='ocrx_word' id='word_1_633' title='bbox 1229 2157 1437 2191; x_wconf 87' lang='lat' dir='ltr'><strong>communiter,</strong></span> <span class='ocrx_word' id='word_1_634' title='bbox 1452 2156 1504 2184; x_wconf 89' lang='lat' dir='ltr'><strong>sed</strong></span> <span class='ocrx_word' id='word_1_635' title='bbox 1519 2155 1644 2192; x_wconf 83' lang='lat' dir='ltr'><strong>puritate</strong></span> <span class='ocrx_word' id='word_1_636' title='bbox 1656 2155 1856 2190; x_wconf 70' lang='lat' dir='ltr'><strong>intelligentias</strong></span> 
     </span>
     <span class='ocr_line' id='line_1_94' title="bbox 1079 2201 1856 2238; baseline -0.006 -5"><span class='ocrx_word' id='word_1_637' title='bbox 1079 2209 1105 2233; x_wconf 86' lang='lat' dir='ltr'><strong>et</strong></span> <span class='ocrx_word' id='word_1_638' title='bbox 1120 2205 1227 2233; x_wconf 69' lang='lat' dir='ltr'><strong>divinis</strong></span> <span class='ocrx_word' id='word_1_639' title='bbox 1245 2203 1514 2232; x_wconf 83' lang='lat' dir='ltr'><strong>illuminationibus</strong></span> <span class='ocrx_word' id='word_1_640' title='bbox 1530 2205 1557 2230; x_wconf 90' lang='lat' dir='ltr'><strong>et</strong></span> <span class='ocrx_word' id='word_1_641' title='bbox 1571 2203 1666 2238; x_wconf 84' lang='lat' dir='ltr'><strong>gratia</strong></span> <span class='ocrx_word' id='word_1_642' title='bbox 1686 2201 1856 2238; x_wconf 84' lang='lat' dir='ltr'><strong>privilegia-</strong></span> 
     </span>
     <span class='ocr_line' id='line_1_95' title="bbox 1079 2248 1857 2287; baseline -0.006 -7"><span class='ocrx_word' id='word_1_643' title='bbox 1079 2253 1123 2287; x_wconf 68' lang='lat' dir='ltr'><strong>tis,</strong></span> <span class='ocrx_word' id='word_1_644' title='bbox 1141 2262 1174 2280; x_wconf 80' lang='lat' dir='ltr'><strong>ae</strong></span> <span class='ocrx_word' id='word_1_645' title='bbox 1193 2260 1244 2287; x_wconf 82' lang='lat' dir='ltr'><strong>per</strong></span> <span class='ocrx_word' id='word_1_646' title='bbox 1259 2252 1315 2279; x_wconf 89' lang='lat' dir='ltr'><strong>hoc</strong></span> <span class='ocrx_word' id='word_1_647' title='bbox 1331 2259 1419 2286; x_wconf 87' lang='lat' dir='ltr'><strong>super</strong></span> <span class='ocrx_word' id='word_1_648' title='bbox 1434 2250 1586 2278; x_wconf 88' lang='lat' dir='ltr'><strong>hominem</strong></span> <span class='ocrx_word' id='word_1_649' title='bbox 1608 2248 1738 2282; x_wconf 82' lang='lat' dir='ltr'><strong>elevatis,</strong></span> <span class='ocrx_word' id='word_1_650' title='bbox 1755 2248 1857 2276; x_wconf 86' lang='lat' dir='ltr'><strong>decre-</strong></span> 
     </span>
     <span class='ocr_line' id='line_1_96' title="bbox 1080 2298 1858 2333; baseline -0.006 -6"><span class='ocrx_word' id='word_1_651' title='bbox 1080 2300 1121 2327; x_wconf 82' lang='lat' dir='ltr'><strong>vit</strong></span> <span class='ocrx_word' id='word_1_652' title='bbox 1135 2298 1373 2331; x_wconf 84' lang='lat' dir='ltr'><strong>communicare,</strong></span> <span class='ocrx_word' id='word_1_653' title='bbox 1390 2298 1426 2325; x_wconf 86' lang='lat' dir='ltr'><strong>de</strong></span> <span class='ocrx_word' id='word_1_654' title='bbox 1442 2305 1571 2333; x_wconf 88' lang='lat' dir='ltr'><strong>quorum</strong></span> <span class='ocrx_word' id='word_1_655' title='bbox 1586 2303 1710 2324; x_wconf 87' lang='lat' dir='ltr'><strong>numero</strong></span> <span class='ocrx_word' id='word_1_656' title='bbox 1726 2303 1781 2330; x_wconf 87' lang='lat' dir='ltr'><strong>ego</strong></span> <span class='ocrx_word' id='word_1_657' title='bbox 1796 2302 1858 2322; x_wconf 90' lang='lat' dir='ltr'><strong>non</strong></span> 
     </span>
     <span class='ocr_line' id='line_1_97' title="bbox 1080 2343 1859 2380; baseline -0.006 -7"><span class='ocrx_word' id='word_1_658' title='bbox 1080 2355 1156 2380; x_wconf 85' lang='lat' dir='ltr'><strong>sum,</strong></span> <span class='ocrx_word' id='word_1_659' title='bbox 1173 2348 1271 2373; x_wconf 83' lang='lat' dir='ltr'><strong>tamen</strong></span> <span class='ocrx_word' id='word_1_660' title='bbox 1287 2343 1519 2372; x_wconf 82' lang='lat' dir='ltr'><strong>communicabo</strong></span> <span class='ocrx_word' id='word_1_661' title='bbox 1532 2351 1575 2378; x_wconf 83' lang='lat' dir='ltr'><strong>ea,</strong></span> <span class='ocrx_word' id='word_1_662' title='bbox 1589 2343 1620 2370; x_wconf 86' lang='lat' dir='ltr'><strong>in</strong></span> <span class='ocrx_word' id='word_1_663' title='bbox 1635 2344 1780 2378; x_wconf 89' lang='lat' dir='ltr'><strong>quantum</strong></span> <span class='ocrx_word' id='word_1_664' title='bbox 1790 2349 1859 2377; x_wconf 91' lang='lat' dir='ltr'><strong>pos-</strong></span> 
     </span>
     <span class='ocr_line' id='line_1_98' title="bbox 1081 2387 1860 2423; baseline -0.006 -3"><span class='ocrx_word' id='word_1_665' title='bbox 1081 2401 1155 2420; x_wconf 83' lang='lat' dir='ltr'><strong>sum.</strong></span> <span class='ocrx_word' id='word_1_666' title='bbox 1174 2401 1186 2417; x_wconf 67' lang='lat' dir='ltr'>n</span> <span class='ocrx_word' id='word_1_667' title='bbox 1205 2394 1268 2419; x_wconf 73' lang='lat' dir='ltr'><strong>llaee</strong></span> <span class='ocrx_word' id='word_1_668' title='bbox 1285 2391 1342 2418; x_wconf 85' lang='lat' dir='ltr'><strong>ille.</strong></span> <span class='ocrx_word' id='word_1_669' title='bbox 1361 2391 1500 2418; x_wconf 82' lang='lat' dir='ltr'><strong>Similiter</strong></span> <span class='ocrx_word' id='word_1_670' title='bbox 1516 2390 1730 2418; x_wconf 86' lang='lat' dir='ltr'><strong>commentator</strong></span> <span class='ocrx_word' id='word_1_671' title='bbox 1751 2389 1834 2423; x_wconf 84' lang='lat' dir='ltr'><strong>Hugo</strong></span> <span class='ocrx_word' id='word_1_672' title='bbox 1849 2387 1860 2404; x_wconf 75' lang='lat'><strong>⁶</strong></span> 
     </span>
     <span class='ocr_line' id='line_1_99' title="bbox 1082 2434 1860 2468; baseline -0.006 -1"><span class='ocrx_word' id='word_1_673' title='bbox 1082 2439 1209 2467; x_wconf 73' lang='lat' dir='ltr'><strong>ostendit</strong></span> <span class='ocrx_word' id='word_1_674' title='bbox 1220 2438 1411 2466; x_wconf 80' lang='lat' dir='ltr'><strong>subtilitatem</strong></span> <span class='ocrx_word' id='word_1_675' title='bbox 1428 2438 1551 2465; x_wconf 89' lang='lat' dir='ltr'><strong>istorum</strong></span> <span class='ocrx_word' id='word_1_676' title='bbox 1563 2435 1736 2468; x_wconf 80' lang='lat' dir='ltr'><strong>verborum,</strong></span> <span class='ocrx_word' id='word_1_677' title='bbox 1747 2438 1774 2462; x_wconf 90' lang='lat' dir='ltr'><strong>et</strong></span> <span class='ocrx_word' id='word_1_678' title='bbox 1789 2434 1860 2462; x_wconf 87' lang='lat' dir='ltr'><strong>dicit</strong></span> 
     </span>
     <span class='ocr_line' id='line_1_100' title="bbox 1081 2481 1860 2521; baseline -0.006 -8"><span class='ocrx_word' id='word_1_679' title='bbox 1081 2487 1140 2514; x_wconf 79' lang='lat' dir='ltr'><strong>sie:</strong></span> <span class='ocrx_word' id='word_1_680' title='bbox 1163 2497 1174 2511; x_wconf 70' lang='lat' dir='ltr'>u</span> <span class='ocrx_word' id='word_1_681' title='bbox 1190 2486 1217 2513; x_wconf 88' lang='lat' dir='ltr'><strong>Si</strong></span> <span class='ocrx_word' id='word_1_682' title='bbox 1238 2486 1320 2521; x_wconf 87' lang='lat' dir='ltr'><strong>quod</strong></span> <span class='ocrx_word' id='word_1_683' title='bbox 1343 2485 1435 2512; x_wconf 80' lang='lat' dir='ltr'><strong>sentio</strong></span> <span class='ocrx_word' id='word_1_684' title='bbox 1453 2484 1565 2517; x_wconf 88' lang='lat' dir='ltr'><strong>dicam,</strong></span> <span class='ocrx_word' id='word_1_685' title='bbox 1590 2482 1722 2518; x_wconf 86' lang='lat' dir='ltr'><strong>primum</strong></span> <span class='ocrx_word' id='word_1_686' title='bbox 1745 2481 1803 2509; x_wconf 88' lang='lat' dir='ltr'><strong>hoc</strong></span> <span class='ocrx_word' id='word_1_687' title='bbox 1817 2481 1860 2509; x_wconf 82' lang='lat' dir='ltr'><strong>sa-</strong></span> 
     </span>
     <span class='ocr_line' id='line_1_101' title="bbox 1082 2528 1860 2570; baseline -0.01 -8"><span class='ocrx_word' id='word_1_688' title='bbox 1082 2537 1154 2568; x_wconf 87' lang='lat' dir='ltr'><strong>teor,</strong></span> <span class='ocrx_word' id='word_1_689' title='bbox 1172 2534 1242 2570; x_wconf 83' lang='lat' dir='ltr'><strong>quia</strong></span> <span class='ocrx_word' id='word_1_690' title='bbox 1258 2534 1349 2561; x_wconf 83' lang='lat' dir='ltr'><strong>verba</strong></span> <span class='ocrx_word' id='word_1_691' title='bbox 1370 2532 1483 2566; x_wconf 90' lang='lat' dir='ltr'><strong>audivi,</strong></span> <span class='ocrx_word' id='word_1_692' title='bbox 1500 2533 1549 2558; x_wconf 84' lang='lat' dir='ltr'><strong>aut</strong></span> <span class='ocrx_word' id='word_1_693' title='bbox 1564 2538 1625 2557; x_wconf 89' lang='lat' dir='ltr'><strong>non</strong></span> <span class='ocrx_word' id='word_1_694' title='bbox 1640 2528 1755 2556; x_wconf 89' lang='lat' dir='ltr'><strong>homini</strong></span> <span class='ocrx_word' id='word_1_695' title='bbox 1771 2528 1860 2562; x_wconf 88' lang='lat' dir='ltr'><strong>dicta,</strong></span> 
     </span>
     <span class='ocr_line' id='line_1_102' title="bbox 1082 2575 1860 2612; baseline -0.01 -3"><span class='ocrx_word' id='word_1_696' title='bbox 1082 2585 1131 2610; x_wconf 84' lang='lat' dir='ltr'><strong>aut</strong></span> <span class='ocrx_word' id='word_1_697' title='bbox 1147 2589 1207 2609; x_wconf 87' lang='lat' dir='ltr'><strong>non</strong></span> <span class='ocrx_word' id='word_1_698' title='bbox 1223 2581 1301 2608; x_wconf 86' lang='lat' dir='ltr'><strong>dicta</strong></span> <span class='ocrx_word' id='word_1_699' title='bbox 1316 2580 1354 2608; x_wconf 79' lang='lat' dir='ltr'><strong>ab</strong></span> <span class='ocrx_word' id='word_1_700' title='bbox 1368 2579 1499 2607; x_wconf 87' lang='lat' dir='ltr'><strong>homine.</strong></span> <span class='ocrx_word' id='word_1_701' title='bbox 1513 2579 1584 2605; x_wconf 78' lang='lat' dir='ltr'><strong>Nam</strong></span> <span class='ocrx_word' id='word_1_702' title='bbox 1599 2584 1651 2612; x_wconf 89' lang='lat' dir='ltr'><strong>per</strong></span> <span class='ocrx_word' id='word_1_703' title='bbox 1661 2575 1814 2603; x_wconf 89' lang='lat' dir='ltr'><strong>hominem</strong></span> <span class='ocrx_word' id='word_1_704' title='bbox 1825 2582 1860 2602; x_wconf 86' lang='lat' dir='ltr'><strong>ea</strong></span> 
     </span>
     <span class='ocr_line' id='line_1_103' title="bbox 1083 2621 1856 2662; baseline -0.01 -7"><span class='ocrx_word' id='word_1_705' title='bbox 1083 2628 1141 2656; x_wconf 85' lang='lat' dir='ltr'><strong>dici</strong></span> <span class='ocrx_word' id='word_1_706' title='bbox 1156 2631 1216 2655; x_wconf 86' lang='lat' dir='ltr'><strong>tam</strong></span> <span class='ocrx_word' id='word_1_707' title='bbox 1235 2635 1379 2662; x_wconf 78' lang='lat' dir='ltr'><strong>magnum</strong></span> <span class='ocrx_word' id='word_1_708' title='bbox 1403 2624 1475 2653; x_wconf 87' lang='lat' dir='ltr'><strong>mihi</strong></span> <span class='ocrx_word' id='word_1_709' title='bbox 1499 2623 1627 2658; x_wconf 88' lang='lat' dir='ltr'><strong>videtur,</strong></span> <span class='ocrx_word' id='word_1_710' title='bbox 1651 2624 1683 2650; x_wconf 93' lang='lat' dir='ltr'><strong>ut</strong></span> <span class='ocrx_word' id='word_1_711' title='bbox 1705 2621 1779 2649; x_wconf 87' lang='lat' dir='ltr'><strong>nihil</strong></span> <span class='ocrx_word' id='word_1_712' title='bbox 1794 2629 1856 2648; x_wconf 85' lang='lat' dir='ltr'><strong>am-</strong></span> 
     </span>
    </p>
   </div>
   <div class='ocr_carea' id='block_1_12' title="bbox 1083 2695 1859 2805">
    <p class='ocr_par' dir='ltr' id='par_1_14' title="bbox 1083 2695 1859 2805">
     <span class='ocr_line' id='line_1_104' title="bbox 1083 2695 1858 2732; baseline -0.01 -5"><span class='ocrx_word' id='word_1_713' title='bbox 1083 2703 1219 2727; x_wconf 66' lang='lat' dir='ltr'><strong>tenttentis.</strong></span> <span class='ocrx_word' id='word_1_714' title='bbox 1238 2715 1267 2720; x_wconf 90' lang='lat'><strong>—-</strong></span> <span class='ocrx_word' id='word_1_715' title='bbox 1285 2702 1313 2732; x_wconf 66' lang='lat' dir='ltr'><strong>(e)</strong></span> <span class='ocrx_word' id='word_1_716' title='bbox 1331 2702 1390 2725; x_wconf 77' lang='lat' dir='ltr'><strong>Item</strong></span> <span class='ocrx_word' id='word_1_717' title='bbox 1411 2699 1526 2724; x_wconf 80' lang='lat' dir='ltr'><strong>afflictus.</strong></span> <span class='ocrx_word' id='word_1_718' title='bbox 1543 2711 1570 2715; x_wconf 90' lang='lat'>—</span> <span class='ocrx_word' id='word_1_719' title='bbox 1593 2696 1631 2727; x_wconf 73' lang='lat' dir='ltr'><strong>(cl)</strong></span> <span class='ocrx_word' id='word_1_720' title='bbox 1649 2696 1708 2719; x_wconf 75' lang='lat' dir='ltr'><strong>Item</strong></span> <span class='ocrx_word' id='word_1_721' title='bbox 1729 2695 1858 2720; x_wconf 83' lang='lat' dir='ltr'><strong>desidera-</strong></span> 
     </span>
     <span class='ocr_line' id='line_1_105' title="bbox 1083 2730 1859 2769; baseline -0.01 -6"><span class='ocrx_word' id='word_1_722' title='bbox 1083 2740 1183 2763; x_wconf 65' lang='lat' dir='ltr'><strong>bitiat.—</strong></span> <span class='ocrx_word' id='word_1_723' title='bbox 1203 2739 1231 2768; x_wconf 64' lang='grc' dir='ltr'><strong>(ι’)</strong></span> <span class='ocrx_word' id='word_1_724' title='bbox 1250 2739 1306 2769; x_wconf 74' lang='lat' dir='ltr'><strong>Leq.</strong></span> <span class='ocrx_word' id='word_1_725' title='bbox 1323 2735 1557 2760; x_wconf 75' lang='lat' dir='ltr'><strong>inavertibilitei·.-</strong></span> <span class='ocrx_word' id='word_1_726' title='bbox 1574 2735 1611 2763; x_wconf 82' lang='lat' dir='ltr'><strong>(s)</strong></span> <span class='ocrx_word' id='word_1_727' title='bbox 1629 2732 1690 2757; x_wconf 78' lang='lat' dir='ltr'><strong>Cael.</strong></span> <span class='ocrx_word' id='word_1_728' title='bbox 1704 2730 1767 2756; x_wconf 75' lang='lat' dir='ltr'><strong>edil.</strong></span> <span class='ocrx_word' id='word_1_729' title='bbox 1782 2731 1859 2756; x_wconf 84' lang='lat' dir='ltr'><strong>aliud.</strong></span> 
     </span>
     <span class='ocr_line' id='line_1_106' title="bbox 1083 2774 1346 2805; baseline -0.008 -6"><span class='ocrx_word' id='word_1_730' title='bbox 1083 2789 1112 2793; x_wconf 88' lang='lat'>—</span> <span class='ocrx_word' id='word_1_731' title='bbox 1129 2779 1162 2805; x_wconf 68' lang='lat' dir='ltr'><strong>(ss)</strong></span> <span class='ocrx_word' id='word_1_732' title='bbox 1177 2775 1238 2798; x_wconf 73' lang='lat' dir='ltr'><strong>Item</strong></span> <span class='ocrx_word' id='word_1_733' title='bbox 1253 2774 1346 2804; x_wconf 84' lang='lat' dir='ltr'><strong>primo.</strong></span> 
     </span>
    </p>
   </div>
  </div>
 </body>
</html>
