2004 3037
296 249 356 283 596

295 323 386 351 xxiv,
401 315 435 343 57
456 321 464 341 z
488 321 502 339 α
523 311 670 340 vocemus
687 307 842 346 puellam,
863 307 893 334 et
916 306 1076 335 audiamus

295 362 390 400 ipsius
403 360 600 390 voluntatem.
621 367 636 385 >³

333 409 384 439 lile
397 407 592 444 blasphemus
605 404 658 442 qui
669 403 724 432 fuit
737 401 886 440 lapidatus
900 400 932 429 in
947 400 1077 435 deserto,

296 456 351 486 fuit
364 455 444 484 filius
463 451 632 483 israelitidis
651 451 690 480 de
706 450 771 478 viro
790 447 928 485 AEgyptio
953 454 1076 483 genera-

296 506 354 539 tus,
368 504 468 537 Lavit„
482 507 563 535 xxxv,
575 501 619 529 10.
630 500 684 527 Per
692 496 751 526 hoc
757 496 861 525 haberi
874 496 980 531 potest,
993 493 1078 531 quod

296 559 360 580 non
387 548 507 586 expedit
535 547 572 576 de
601 545 726 574 diversis
751 543 858 572 ritibus
886 540 1078 570 matrimonia

298 597 449 635 copulare,
461 595 533 633 quia
546 593 631 631 pueri
641 592 711 620 inde
721 591 783 620 nati
797 589 876 618 male
891 589 1076 617 imbuuntur.

333 645 483 673 Secretum
505 641 588 679 quod
611 641 735 668 Samson
756 636 930 675 parentibus
949 635 1009 663 suis
1031 634 1078 662 di-

299 700 365 721 cere
384 690 496 725 noluit,
519 696 595 717 uxor
610 688 673 723 ejus
694 685 815 715 extorsit
835 684 875 713 ab
890 691 926 712 eo
941 683 973 710 in
988 681 1075 710 dam-

297 747 372 768 num
386 738 490 774 ipsius,
505 736 608 770 sudio„
624 741 684 763 xiv.

335 785 411 814 Dixit
433 783 561 812 neloana
584 781 624 810 ad
645 783 781 810 Annam:
806 788 820 803 «
841 775 994 812 Numquid
1016 782 1079 803 non

299 840 354 869 ego
367 830 475 860 melior
489 837 556 858 sum
566 828 628 862 tibi,
644 834 736 864 quam
751 825 855 854 decem
866 823 941 852 filii?
953 832 967 849 »ι
979 823 989 850 l
1001 823 1079 857 neq„

300 887 327 915 1,
344 881 370 907 8.

335 927 427 957 Nabal
452 925 546 954 durus
563 925 591 952 et
611 923 773 960 pessimus,
792 922 820 949 et
840 918 961 952 stultus,
975 916 1081 945 habuit

299 983 425 1005 uxorem
456 971 584 1008 Abigail,
610 978 677 1007 quoe
705 969 768 997 erat
794 965 1025 1004 prudentissima
1053 965 1082 992 et

298 1022 444 1060 speciosa,
461 1022 469 1048 l
487 1021 561 1054 Κεφ,
577 1025 646 1046 xxv.

335 1067 476 1104 Quamvis
499 1066 623 1095 haberet
646 1062 740 1092 David
761 1061 870 1090 multas
890 1066 1017 1092 uxores,
1039 1059 1082 1085 ta-

299 1125 369 1145 men
386 1115 565 1144 adulterium
587 1120 656 1140 cum
679 1109 841 1139 Bethsabea
856 1108 893 1143 (a)
915 1104 1082 1138 commisit,

301 1166 321 1193 ll
337 1165 414 1198 Rea„
428 1170 468 1190 Xl.

337 1213 436 1239 loram
452 1217 503 1236 rex
521 1207 597 1235 luda
611 1205 678 1233 fecit
697 1203 812 1233 malum
827 1209 929 1230 coram
945 1199 1081 1234 Domino,

302 1260 330 1287 et
354 1267 369 1284 ι(
393 1255 569 1285 ambulabat
590 1253 620 1281 in
641 1253 697 1280 viis
718 1250 834 1284 Achab3
860 1259 873 1275 »
897 1251 925 1277 et
946 1246 1085 1275 subditur

302 1314 392 1335 eausa
414 1304 502 1338 hujus
527 1312 532 1330 :
558 1312 572 1328 (ι
594 1300 666 1329 Filia
689 1299 768 1327 enim
791 1297 892 1326 Achab
921 1297 984 1324 erat
1007 1301 1084 1322 uxor

303 1353 378 1389 ejus.
394 1362 408 1378 a
426 1352 456 1379 lV
474 1351 551 1384 Refl„
567 1356 628 1382 vin,
648 1348 691 1375 18.

338 1399 402 1429 Filii
430 1395 697 1431 transmigrationis
721 1393 772 1429 qui
802 1391 949 1420 duxerant
976 1395 1085 1417 uxores

304 1447 498 1482 alienigenas,
515 1442 682 1471 secundum
698 1439 874 1469 mandatum
889 1437 986 1466 Esdroe
999 1435 1086 1464 dimi-

305 1496 406 1524 serunt
421 1501 481 1525 eas,
499 1494 505 1519 l
522 1491 614 1524 Esar„
631 1497 660 1516 x.

340 1541 449 1569 Videas
481 1537 634 1567 Nelieinias
662 1534 780 1563 Judzeos
812 1533 953 1561 ducentes
979 1537 1086 1558 uxores

305 1588 504 1622 alienigenas,
521 1582 689 1619 objurgavit
711 1590 782 1616 eos,
805 1582 832 1608 et
856 1577 1009 1606 maledixit
1024 1584 1086 1610 eOS,

307 1638 335 1664 et
359 1633 529 1663 verberavit
553 1631 689 1667 aliquos,
712 1631 741 1657 et
763 1626 941 1660 decalvavit,
965 1625 1087 1658 Nehem„

306 1691 370 1712 xm.

344 1732 414 1758 Sara
435 1728 497 1755 lilia
522 1725 634 1761 Raguel
657 1724 773 1752 dicebat
795 1722 825 1750 in
851 1721 985 1749 oratione
1010 1726 1085 1746 sua:

313 1788 326 1803 a
340 1777 440 1803 Virum
457 1776 554 1802 autem
570 1781 637 1799 cum
654 1773 759 1798 timore
774 1771 826 1796 tuo
841 1790 848 1802 ,
863 1775 922 1795 non
936 1774 1004 1794 cum
1020 1764 1088 1792 libi-

311 1824 380 1851 dine
394 1830 458 1850 mea
473 1819 607 1848 consensi
623 1818 782 1853 suscipere.
798 1825 811 1841 n
831 1816 906 1848 Tua,
923 1821 965 1846 ιιι,
983 1814 1024 1839 ¹8.

347 1870 421 1898 Dixit
435 1867 563 1903 Angelus
576 1865 674 1893 Tobiae
690 1873 696 1892 x
714 1876 726 1889 u
739 1865 770 1891 ln
785 1870 836 1890 cos
849 1861 900 1897 qui
916 1858 1090 1894 conjugium

311 1919 351 1946 ita
376 1915 548 1951 suscipiunt,
565 1915 597 1941 ut
620 1915 710 1940 Deum
734 1919 750 1938 a
772 1918 802 1937 se
823 1910 851 1936 et
874 1916 891 1936 a
914 1916 968 1934 sua
992 1908 1090 1934 mente

311 1964 470 2001 repeti-int,
486 1964 513 1988 vt
527 1969 586 1988 suae
601 1959 716 1987 libidini
736 1957 774 1985 ita
789 1958 894 1983 vacent
909 1954 982 1981 sicut
997 1960 1092 1988 equus

313 2016 340 2040 et
355 2012 467 2045 mulus,
483 2009 572 2037 habet
583 2007 758 2044 potestatem
773 2002 964 2031 doemonium.
981 2011 995 2027 ι)
1015 2000 1091 2034 Τοὸ.,

313 2068 353 2094 vl,
370 2061 414 2086 Π.

350 2106 447 2134 Prima
467 2105 553 2131 noete
575 2108 635 2137 qua
660 2098 846 2127 introductus
868 2097 910 2123 est
924 2094 1032 2122 'l‘obias
1043 2095 1092 2121 Ju-

314 2154 380 2182 nior
395 2160 464 2179 cum
476 2157 581 2183 uxore,
596 2148 729 2174 hortatus
744 2147 785 2172 est
799 2143 956 2178 virginem,
972 2141 1091 2169 dicens:

317 2212 330 2227 ι(
346 2202 427 2232 Sara,
442 2206 528 2232 surge
546 2197 574 2223 ct
589 2195 784 2229 deprecemur
796 2193 886 2218 licum
900 2190 1002 2223 hodie,
1018 2197 1093 2223 crim,

315 2250 343 2275 et
357 2245 488 2274 seeundo
504 2251 583 2276 cras,
599 2241 669 2276 quia
689 2239 749 2267 istis
765 2238 858 2265 tribus
881 2237 1018 2264 noctibus
1035 2237 1093 2262 Deo

312 2294 481 2329 jungimur;
498 2290 581 2318 tertia
595 2290 692 2315 autem
711 2288 855 2313 transacta
875 2286 972 2317 nocte,
985 2283 1094 2310 erimus

316 2342 346 2368 in
364 2342 464 2367 nostro
480 2335 657 2371 conjugio.»
678 2335 751 2366 Toh„
766 2340 827 2365 vin,
843 2333 868 2358 55,

352 2387 509 2415 Honestam
535 2389 654 2409 musmu
675 2378 803 2406 (lucendi
821 2385 944 2405 uxorem
960 2376 1096 2412 exposuit

317 2434 444 2468 Angelus
455 2430 571 2459 'robam
591 2440 604 2453 (ι
620 2426 750 2461 Accipies
764 2425 910 2459 virginem
927 2432 995 2450 eum
1012 2423 1095 2450 timo-

317 2490 348 2510 re
366 2479 490 2512 bomini,
507 2480 534 2504 et
549 2482 650 2503 umore
670 2473 800 2499 liliorum
815 2471 911 2506 magis
925 2478 1016 2506 quam
1032 2469 1096 2498 libi-

318 2528 386 2556 dine
403 2527 517 2553 ductus.
534 2533 548 2549 »
568 2522 644 2555 Τιιύ.,
662 2528 700 2553 vi,
717 2520 761 2546 22.

355 2576 490 2602 Parentes
504 2573 580 2598 Sarae
594 2570 715 2596 monent
727 2574 792 2593 eam
803 2565 952 2592 honorare
967 2573 1097 2598 soceros,

320 2623 442 2656 diligere
457 2619 595 2647 maritum
607 2637 614 2650 ,
631 2622 731 2649 regere
752 2613 894 2640 familiam
904 2633 911 2646 ,
929 2612 1096 2647 gubernare

320 2669 462 2703 domum,
482 2669 509 2694 et
533 2664 661 2700 seipsam
689 2660 979 2696 irreprehensibilem
1003 2661 1100 2687 custo-

321 2717 394 2745 dire.
412 2716 488 2750 Tob.‚
504 2722 531 2741 x.

907 236 1044 271 BIBLIA
1065 235 1297 271 PAUPERUM.

1167 305 1302 335 Mulieres
1315 305 1462 335 translatae
1476 305 1514 336 de
1522 306 1603 336 terra
1611 305 1689 336 suda
1697 304 1730 334 in
1740 293 1911 344 Emptum,

1131 360 1200 389 quae
1219 352 1427 383 sacrificabant
1444 353 1556 390 reginae
1575 352 1661 390 omli,
1679 352 1862 385 excusabant
1881 359 1913 381 se

1131 407 1186 437 per
1207 399 1290 429 viros
1306 409 1397 438 suos,
1419 401 1472 439 qui
1490 401 1600 430 similia
1619 399 1781 430 faciebant.
1803 400 1912 436 serem„

1131 455 1209 476 xuv.

1168 495 1224 523 Pro
1243 494 1390 524 servanda
1407 494 1468 523 fide
1486 493 1687 531 matrimonii,
1707 496 1844 524 Susanna
1865 500 1915 523 ex-

1132 541 1233 578 posuit
1255 550 1286 570 se
1305 542 1394 570 morti
1413 544 1441 571 et
1459 541 1604 577 infamiae,
1618 541 1675 570 nisi
1688 549 1744 578 pei·
1763 540 1914 570 Danielem

1131 589 1227 626 iustus
1239 589 1382 618 Dominus
1396 590 1423 618 ei
1438 591 1637 619 succurrisset.
1655 591 1738 623 Dan„
1752 597 1817 619 xm.

1169 636 1305 666 Salvator
1329 639 1432 666 noster
1458 632 1598 667 convivio
1622 637 1796 674 nuptiarum
1821 635 1918 666 voluit

1134 683 1285 719 interesse,
1300 685 1392 720 loun„
1408 692 1441 719 u,
1455 685 1483 713 Ξ.

1169 731 1298 759 ,loannes
1318 730 1446 767 Baptista
1461 730 1518 760 fuit
1532 730 1714 766 decollatus,
1735 731 1808 768 quia
1827 731 1918 760 nero-

1135 776 1206 804 dem
1238 776 1276 805 de
1305 777 1453 806 adulterio
1491 777 1656 815 arguebat,
1688 778 1788 806 Matth.
1802 799 1811 814 ‚
1846 784 1917 812 xm

1135 823 1237 859 Marc„
1250 831 1291 852 vi.
1760 816 1774 826 ⁶

1173 871 1377 905 Quaerentibus
1398 870 1565 905 Pharisoeis‚
1583 870 1608 899 si
1627 871 1728 899 liceret
1745 869 1860 900 homini
1874 869 1919 899 di-

1136 919 1251 947 mittere
1275 926 1400 947 uxorem
1424 927 1510 948 suam
1532 927 1725 956 quacumque
1747 927 1784 948 ex
1810 926 1917 956 causa,

1137 965 1210 994 dixit
1229 966 1371 994 Dominus
1389 976 1396 995 :
1417 977 1431 993 n
1450 967 1530 1001 Quos
1547 968 1623 995 Deus
1642 966 1811 1002 conjunxit,
1826 966 1920 995 homo

1136 1021 1199 1041 non
1213 1014 1338 1049 separet.
1353 1023 1367 1039 n
1386 1014 1504 1048 Mastia,
1519 1021 1580 1048 xix,
1596 1014 1622 1042 6.

1174 1061 1250 1088 inter
1264 1059 1332 1088 illos
1351 1060 1404 1096 qui
1422 1060 1460 1088 ad
1485 1068 1601 1089 coenam
1620 1060 1717 1089 vocati
1738 1059 1854 1088 fuerant
1869 1058 1917 1096 (b),

1138 1108 1168 1135 et
1185 1115 1247 1134 non
1267 1107 1398 1142 iverant,
1423 1106 1490 1142 ille,
1515 1107 1567 1144 qui
1590 1115 1717 1136 uxorem
1740 1106 1835 1142 duxit,
1859 1114 1922 1135 non

1137 1154 1255 1189 rogavit
1275 1162 1307 1182 se
1329 1156 1501 1182 excusatum
1523 1154 1644 1188 haberi,
1666 1153 1739 1191 quia
1761 1155 1852 1182 status
1872 1152 1922 1182 ine

1138 1200 1292 1228 hominem
1307 1201 1498 1230 vehementer
1512 1201 1619 1236 allicit,
1635 1203 1664 1229 et
1678 1208 1754 1237 soepe
1769 1199 1890 1229 retrahit
1904 1207 1923 1228 a

1141 1247 1260 1283 divinis,
1276 1249 1359 1284 Luc„
1375 1256 1436 1277 xrv.

1176 1296 1324 1329 Quantum
1352 1295 1391 1323 ad
1422 1297 1521 1324 actum
1556 1294 1766 1331 conjugalem,
1794 1294 1834 1324 ad
1867 1302 1922 1332 pa-

1139 1343 1185 1371 ria
1207 1342 1255 1370 vel
1275 1342 1383 1371 similia
1403 1342 1518 1378 judicat
1532 1342 1691 1379 Apostolus
1704 1342 1812 1370 Paulus
1824 1341 1922 1370 virum

1141 1391 1170 1417 et
1187 1397 1328 1423 uxorein,
1355 1390 1450 1424 lCor.,
1473 1398 1533 1418 vu:
1565 1399 1578 1415 a
1599 1389 1702 1418 Mulier
1730 1388 1864 1425 corporis
1878 1388 1922 1416 sui

1141 1438 1317 1472 potestatem
1338 1444 1400 1464 non
1423 1436 1529 1471 habet,
1552 1436 1605 1464 sed
1628 1435 1696 1464 vir:
1722 1435 1856 1464 simililer
1878 1435 1924 1464 vir

1142 1484 1318 1519 potestatem
1339 1483 1385 1511 sui
1409 1483 1542 1520 corporis
1568 1490 1630 1512 non
1653 1482 1761 1519 habet,
1777 1481 1829 1511 sed
1855 1489 1922 1510 mu-

1143 1529 1208 1565 ller,
1225 1541 1238 1556 u
1258 1532 1314 1558 etc.

1179 1578 1325 1613 Ananias,
1351 1578 1469 1606 conscia
1493 1585 1588 1606 uxore
1611 1585 1665 1606 sua
1688 1576 1831 1613 saphira,
1859 1575 1926 1604 fecit

1144 1625 1281 1654 fraudem
1296 1626 1333 1654 de
1349 1626 1443 1662 pretio
1459 1625 1521 1660 agri
1543 1625 1654 1654 venditi
1663 1634 1672 1661 ;
1694 1625 1736 1653 sic
1750 1624 1842 1654 ambo
1856 1631 1924 1660 gra-

1145 1673 1264 1702 vissime
1279 1674 1348 1701 sunt
1360 1672 1466 1709 puniti.
1482 1674 1557 1707 Act„
1573 1680 1601 1701 v.

1386 1765 1566 1799 CAPUT
1603 1764 1682 1799 XC.

1439 1838 1476 1864 De
1495 1838 1634 1864 castitate.

1183 1906 1331 1941 Quamdiu
1345 1906 1433 1943 primi
1446 1909 1583 1942 parentes
1598 1906 1627 1933 in
1643 1904 1782 1941 paradiso
1798 1903 1927 1938 suerunt,

1148 1954 1279 1989 virgines
1302 1954 1475 1988 extiterunt;
1501 1953 1554 1981 sed
1574 1951 1645 1989 ipsis
1669 1951 1782 1987 eJectis,
1805 1950 1926 1985 dicitur,

1149 2002 1212 2030 Gen.
1225 2022 1234 2036 ,
1252 2009 1299 2035 iv,
1320 2002 1354 2029 1:
1373 2010 1388 2027 ι(
1410 2000 1506 2029 Adam
1526 1999 1667 2035 cognovit
1690 2000 1782 2027 Evam
1803 2005 1928 2026 uxorem

1150 2056 1244 2076 suam.
1262 2058 1276 2073 u

1185 2096 1259 2123 Cum
1280 2093 1396 2122 Sichem
1417 2093 1558 2121 violasset
1578 2093 1682 2120 Dinam
1704 2091 1798 2119 filiam
1820 2089 1928 2125 Jacob,

1150 2141 1253 2170 fratres
1268 2142 1331 2176 ejus
1346 2140 1452 2169 turbati
1472 2143 1539 2168 sunt
1554 2139 1656 2173 valde,
1672 2147 1707 2167 eo
1719 2138 1803 2175 quod
1818 2137 1929 2165 soedam

1150 2197 1212 2217 rem
1238 2191 1313 2216 esset
1336 2191 1473 2224 operatus
1499 2187 1530 2215 in
1557 2186 1656 2222 lsrael,
1682 2188 1709 2214 et
1734 2185 1845 2214 violata
1867 2183 1929 2211 filia

1150 2235 1262 2269 Jacob,
1285 2243 1348 2263 rem
1373 2234 1505 2262 illicitam
1525 2235 1735 2271 perpeti-assim
1761 2231 1880 2260 tandem
1902 2232 1930 2258 et

1151 2282 1326 2310 violatorem
1342 2284 1370 2310 et
1390 2284 1505 2317 patrem
1520 2281 1584 2317 ejus
1598 2302 1605 2315 ,
1621 2283 1649 2308 et
1663 2287 1767 2308 eorum
1782 2277 1930 2314 populum

1153 2330 1335 2358 occiderunt.
1363 2330 1439 2363 Gen„
1463 2337 1563 2357 xxxw.
1589 2330 1662 2356 Nota
1685 2326 1767 2363 quod
1791 2325 1849 2352 hoo
1877 2323 1931 2352 ruit

1152 2380 1219 2406 aute
1241 2377 1338 2412 legem
1357 2376 1497 2411 scriptam
1518 2376 1574 2404 sub
1599 2375 1665 2410 lege
1682 2376 1810 2406 naturae;
1836 2379 1932 2408 quan·

1153 2427 1216 2452 tum
1229 2431 1300 2459 crgo
1313 2423 1368 2451 sub
1383 2423 1449 2458 lege
1459 2423 1559 2458 gratiae
1572 2420 1725 2457 virginitas
1739 2418 1933 2447 debethono-

1153 2471 1223 2505 rari,
1236 2473 1264 2499 et
1278 2472 1412 2506 stuprum
1428 2470 1551 2506 puniri?

1189 2518 1329 2552 Quamvis
1343 2517 1451 2553 loseph
1466 2518 1541 2544 esset
1555 2514 1633 2543 filius
1647 2512 1812 2550 emptitius,
1827 2514 1856 2541 et
1870 2511 1932 2540 ele-

1155 2565 1250 2601 gantis
1264 2565 1366 2592 formae
1374 2564 1491 2599 juvenis
1505 2563 1567 2591 sine
1579 2569 1671 2590 uxore
1683 2582 1690 2593 ,
1706 2563 1807 2588 tamen
1821 2558 1932 2587 sollici-

1155 2614 1230 2640 tatus
1241 2619 1258 2640 a
1269 2611 1393 2639 domina
1402 2618 1455 2639 sua
1469 2608 1615 2638 recusavit
1624 2611 1769 2644 stuprum,
1784 2608 1812 2634 et
1827 2605 1933 2634 maluit

1190 2712 1222 2742 (a)
1239 2712 1299 2736 Coet.
1315 2711 1376 2735 edit.
1393 2709 1527 2735 Bethsabe.
1542 2721 1573 2727 —-
1590 2707 1624 2739 (b)
1639 2708 1710 2732 Item.
1727 2706 1838 2730 suerunt.
