<?xml version="1.0" encoding="UTF-8"?>
<!DOCTYPE html PUBLIC "-//W3C//DTD XHTML 1.0 Transitional//EN"
    "http://www.w3.org/TR/xhtml1/DTD/xhtml1-transitional.dtd">
<html xmlns="http://www.w3.org/1999/xhtml" xml:lang="en" lang="en">
 <head>
  <title>
</title>
<meta http-equiv="Content-Type" content="text/html;charset=utf-8" />
  <meta name='ocr-system' content='tesseract 3.04.00' />
  <meta name='ocr-capabilities' content='ocr_page ocr_carea ocr_par ocr_line ocrx_word'/>
</head>
<body>
  <div class='ocr_page' id='page_1' title='image "./operaomniasixtiv08bonauoft/operaomniasixtiv08bonauoft_0335.png"; bbox 0 0 2004 3037; ppageno 0'>
   <div class='ocr_carea' id='block_1_1' title="bbox 127 738 235 1011">
    <p class='ocr_par' dir='ltr' id='par_1_1' title="bbox 127 738 235 823">
     <span class='ocr_line' id='line_1_1' title="bbox 142 738 235 760; baseline -0.011 0"><span class='ocrx_word' id='word_1_1' title='bbox 142 738 235 760; x_wconf 79' lang='lat' dir='ltr'><strong>Humili-</strong></span> 
     </span>
     <span class='ocr_line' id='line_1_2' title="bbox 127 771 235 792; baseline 0 -1"><span class='ocrx_word' id='word_1_2' title='bbox 127 771 191 791; x_wconf 78' lang='lat' dir='ltr'>tasin</span> <span class='ocrx_word' id='word_1_3' title='bbox 199 771 235 792; x_wconf 79' lang='lat' dir='ltr'>de-</span> 
     </span>
     <span class='ocr_line' id='line_1_3' title="bbox 127 807 232 823; baseline 0.01 -1"><span class='ocrx_word' id='word_1_4' title='bbox 127 807 176 823; x_wconf 83' lang='lat' dir='ltr'>cem</span> <span class='ocrx_word' id='word_1_5' title='bbox 186 808 232 823; x_wconf 83' lang='lat' dir='ltr'>mc-</span> 
     </span>
    </p>

    <p class='ocr_par' dir='ltr' id='par_1_2' title="bbox 139 833 218 854">
     <span class='ocr_line' id='line_1_4' title="bbox 139 833 218 854; baseline 0 0"><span class='ocrx_word' id='word_1_6' title='bbox 139 833 218 854; x_wconf 85' lang='lat' dir='ltr'>liorem</span> 
     </span>
    </p>

    <p class='ocr_par' dir='ltr' id='par_1_3' title="bbox 127 866 228 1011">
     <span class='ocr_line' id='line_1_5' title="bbox 138 866 223 892; baseline 0 -7"><span class='ocrx_word' id='word_1_7' title='bbox 138 866 223 892; x_wconf 80' lang='lat' dir='ltr'>partem</span> 
     </span>
     <span class='ocr_line' id='line_1_6' title="bbox 150 896 212 924; baseline 0 -7"><span class='ocrx_word' id='word_1_8' title='bbox 150 896 212 924; x_wconf 74' lang='lat' dir='ltr'>eligit</span> 
     </span>
     <span class='ocr_line' id='line_1_7' title="bbox 127 929 228 954; baseline 0.01 -6"><span class='ocrx_word' id='word_1_9' title='bbox 127 929 228 954; x_wconf 81' lang='lat' dir='ltr'>respectu</span> 
     </span>
     <span class='ocr_line' id='line_1_8' title="bbox 142 965 219 986; baseline 0.013 -7"><span class='ocrx_word' id='word_1_10' title='bbox 142 965 219 986; x_wconf 81' lang='lat' dir='ltr'>super-</span> 
     </span>
     <span class='ocr_line' id='line_1_9' title="bbox 127 988 177 1011; baseline 0.02 -1"><span class='ocrx_word' id='word_1_11' title='bbox 127 988 177 1011; x_wconf 73' lang='lat' dir='ltr'>biae.</span> 
     </span>
    </p>
   </div>
   <div class='ocr_carea' id='block_1_2' title="bbox 629 232 1488 269">
    <p class='ocr_par' dir='ltr' id='par_1_4' title="bbox 629 232 1488 269">
     <span class='ocr_line' id='line_1_10' title="bbox 629 232 1488 269; baseline -0.003 0"><span class='ocrx_word' id='word_1_12' title='bbox 629 236 679 269; x_wconf 87' lang='lat' dir='ltr'>DE</span> <span class='ocrx_word' id='word_1_13' title='bbox 701 234 1036 268; x_wconf 88' lang='lat' dir='ltr'>BEATITUDINIBUS</span> <span class='ocrx_word' id='word_1_14' title='bbox 1059 232 1333 267; x_wconf 82' lang='lat' dir='ltr'>EVANGELICIS.</span> <span class='ocrx_word' id='word_1_15' title='bbox 1353 234 1440 266; x_wconf 87' lang='lat' dir='ltr'>CAP.</span> <span class='ocrx_word' id='word_1_16' title='bbox 1464 234 1488 266; x_wconf 88' lang='grc' dir='ltr'>Ι.</span> 
     </span>
    </p>
   </div>
   <div class='ocr_carea' id='block_1_3' title="bbox 245 303 1034 2604">
    <p class='ocr_par' dir='ltr' id='par_1_5' title="bbox 245 303 1029 718">
     <span class='ocr_line' id='line_1_11' title="bbox 245 303 1027 338; baseline -0.008 -2"><span class='ocrx_word' id='word_1_17' title='bbox 245 307 324 336; x_wconf 87' lang='lat' dir='ltr'>libro</span> <span class='ocrx_word' id='word_1_18' title='bbox 342 306 527 336; x_wconf 67' lang='lat' dir='ltr'>ecclesiastici</span> <span class='ocrx_word' id='word_1_19' title='bbox 546 309 554 326; x_wconf 90' lang='lat'>¹</span> <span class='ocrx_word' id='word_1_20' title='bbox 571 314 579 334; x_wconf 92' lang='lat'><strong>:</strong></span> <span class='ocrx_word' id='word_1_21' title='bbox 601 304 667 334; x_wconf 80' lang='lat' dir='ltr'>Cum</span> <span class='ocrx_word' id='word_1_22' title='bbox 689 304 913 332; x_wconf 81' lang='lat' dir='ltr'><em>consummaverit</em></span> <span class='ocrx_word' id='word_1_23' title='bbox 931 303 1027 338; x_wconf 85' lang='lat' dir='ltr'>homo,</span> 
     </span>
     <span class='ocr_line' id='line_1_12' title="bbox 247 350 1028 390; baseline -0.005 -8"><span class='ocrx_word' id='word_1_24' title='bbox 247 357 310 383; x_wconf 82' lang='lat' dir='ltr'>tunc</span> <span class='ocrx_word' id='word_1_25' title='bbox 335 355 461 390; x_wconf 75' lang='lat' dir='ltr'>incipiet.</span> <span class='ocrx_word' id='word_1_26' title='bbox 489 352 584 381; x_wconf 83' lang='lat' dir='ltr'>Tertio</span> <span class='ocrx_word' id='word_1_27' title='bbox 613 351 765 380; x_wconf 81' lang='lat' dir='ltr'>humilitas</span> <span class='ocrx_word' id='word_1_28' title='bbox 792 359 846 388; x_wconf 87' lang='lat' dir='ltr'>per</span> <span class='ocrx_word' id='word_1_29' title='bbox 872 350 1028 387; x_wconf 85' lang='lat' dir='ltr'>propriam</span> 
     </span>
     <span class='ocr_line' id='line_1_13' title="bbox 246 398 1028 438; baseline -0.006 -8"><span class='ocrx_word' id='word_1_30' title='bbox 246 401 464 438; x_wconf 87' lang='lat' dir='ltr'>reputationem</span> <span class='ocrx_word' id='word_1_31' title='bbox 485 408 516 428; x_wconf 91' lang='lat' dir='ltr'>se</span> <span class='ocrx_word' id='word_1_32' title='bbox 536 400 679 433; x_wconf 81' lang='lat' dir='ltr'>evacuat,</span> <span class='ocrx_word' id='word_1_33' title='bbox 694 399 723 427; x_wconf 86' lang='lat' dir='ltr'>et</span> <span class='ocrx_word' id='word_1_34' title='bbox 737 398 873 436; x_wconf 91' lang='lat' dir='ltr'>quodam</span> <span class='ocrx_word' id='word_1_35' title='bbox 886 398 979 426; x_wconf 89' lang='lat' dir='ltr'>modo</span> <span class='ocrx_word' id='word_1_36' title='bbox 996 405 1028 426; x_wconf 87' lang='lat' dir='ltr'>se</span> 
     </span>
     <span class='ocr_line' id='line_1_14' title="bbox 247 444 1028 484; baseline -0.005 -7"><span class='ocrx_word' id='word_1_37' title='bbox 247 447 388 483; x_wconf 84' lang='lat' dir='ltr'>exinanit,</span> <span class='ocrx_word' id='word_1_38' title='bbox 414 449 442 476; x_wconf 88' lang='lat' dir='ltr'>et</span> <span class='ocrx_word' id='word_1_39' title='bbox 465 454 519 484; x_wconf 88' lang='lat' dir='ltr'>per</span> <span class='ocrx_word' id='word_1_40' title='bbox 547 453 732 482; x_wconf 89' lang='lat' dir='ltr'>consequens</span> <span class='ocrx_word' id='word_1_41' title='bbox 755 445 795 474; x_wconf 85' lang='lat' dir='ltr'>ad</span> <span class='ocrx_word' id='word_1_42' title='bbox 822 444 1028 482; x_wconf 89' lang='lat' dir='ltr'>recipiendum</span> 
     </span>
     <span class='ocr_line' id='line_1_15' title="bbox 247 491 1029 532; baseline -0.005 -8"><span class='ocrx_word' id='word_1_43' title='bbox 247 494 385 532; x_wconf 81' lang='lat' dir='ltr'>capacior</span> <span class='ocrx_word' id='word_1_44' title='bbox 404 493 446 522; x_wconf 89' lang='lat' dir='ltr'>fit.</span> <span class='ocrx_word' id='word_1_45' title='bbox 469 494 502 522; x_wconf 86' lang='lat' dir='ltr'>Et</span> <span class='ocrx_word' id='word_1_46' title='bbox 523 493 582 521; x_wconf 88' lang='lat' dir='ltr'>hoc</span> <span class='ocrx_word' id='word_1_47' title='bbox 604 492 712 529; x_wconf 90' lang='lat' dir='ltr'>triplici</span> <span class='ocrx_word' id='word_1_48' title='bbox 737 494 798 521; x_wconf 85' lang='lat' dir='ltr'>arte</span> <span class='ocrx_word' id='word_1_49' title='bbox 819 492 933 527; x_wconf 84' lang='lat' dir='ltr'>existit,</span> <span class='ocrx_word' id='word_1_50' title='bbox 957 491 1029 528; x_wconf 86' lang='lat' dir='ltr'>quia</span> 
     </span>
     <span class='ocr_line' id='line_1_16' title="bbox 248 538 1028 577; baseline -0.005 -7"><span class='ocrx_word' id='word_1_51' title='bbox 248 541 321 570; x_wconf 89' lang='lat' dir='ltr'>dum</span> <span class='ocrx_word' id='word_1_52' title='bbox 337 540 461 577; x_wconf 84' lang='lat' dir='ltr'>gratiam</span> <span class='ocrx_word' id='word_1_53' title='bbox 484 540 534 568; x_wconf 86' lang='lat' dir='ltr'>Dei</span> <span class='ocrx_word' id='word_1_54' title='bbox 553 539 584 568; x_wconf 90' lang='lat' dir='ltr'>in</span> <span class='ocrx_word' id='word_1_55' title='bbox 606 539 792 576; x_wconf 85' lang='lat' dir='ltr'>plenitudine</span> <span class='ocrx_word' id='word_1_56' title='bbox 813 539 935 576; x_wconf 80' lang='lat' dir='ltr'>recipit,</span> <span class='ocrx_word' id='word_1_57' title='bbox 951 538 1028 575; x_wconf 89' lang='lat' dir='ltr'>scip-</span> 
     </span>
     <span class='ocr_line' id='line_1_17' title="bbox 247 587 1028 624; baseline -0.003 -7"><span class='ocrx_word' id='word_1_58' title='bbox 247 597 312 618; x_wconf 86' lang='lat' dir='ltr'>sam</span> <span class='ocrx_word' id='word_1_59' title='bbox 330 590 431 617; x_wconf 89' lang='lat' dir='ltr'>tamen</span> <span class='ocrx_word' id='word_1_60' title='bbox 449 596 577 616; x_wconf 87' lang='lat' dir='ltr'>vacuam</span> <span class='ocrx_word' id='word_1_61' title='bbox 598 587 794 623; x_wconf 84' lang='lat' dir='ltr'>recognoscit.</span> <span class='ocrx_word' id='word_1_62' title='bbox 816 587 886 616; x_wconf 90' lang='lat' dir='ltr'>Ideo</span> <span class='ocrx_word' id='word_1_63' title='bbox 909 587 940 615; x_wconf 92' lang='lat' dir='ltr'>in</span> <span class='ocrx_word' id='word_1_64' title='bbox 960 595 1028 624; x_wconf 84' lang='lat' dir='ltr'>per-</span> 
     </span>
     <span class='ocr_line' id='line_1_18' title="bbox 248 634 1027 665; baseline -0.003 -1"><span class='ocrx_word' id='word_1_65' title='bbox 248 644 322 665; x_wconf 85' lang='lat' dir='ltr'>sona</span> <span class='ocrx_word' id='word_1_66' title='bbox 341 635 391 664; x_wconf 88' lang='lat' dir='ltr'>Dei</span> <span class='ocrx_word' id='word_1_67' title='bbox 412 635 519 664; x_wconf 91' lang='lat' dir='ltr'>dicitur</span> <span class='ocrx_word' id='word_1_68' title='bbox 544 635 582 663; x_wconf 88' lang='lat' dir='ltr'>de</span> <span class='ocrx_word' id='word_1_69' title='bbox 602 634 709 663; x_wconf 90' lang='lat' dir='ltr'>humili</span> <span class='ocrx_word' id='word_1_70' title='bbox 734 635 766 662; x_wconf 90' lang='lat' dir='ltr'>in</span> <span class='ocrx_word' id='word_1_71' title='bbox 789 635 978 663; x_wconf 79' lang='lat' dir='ltr'>Ecclesiastico</span> <span class='ocrx_word' id='word_1_72' title='bbox 993 635 1027 662; x_wconf 75' lang='lat'>²:</span> 
     </span>
     <span class='ocr_line' id='line_1_19' title="bbox 249 682 696 718; baseline -0.004 -7"><span class='ocrx_word' id='word_1_73' title='bbox 249 683 303 717; x_wconf 74' lang='lat' dir='ltr'>Qui</span> <span class='ocrx_word' id='word_1_74' title='bbox 316 683 410 711; x_wconf 81' lang='lat' dir='ltr'>bibunt</span> <span class='ocrx_word' id='word_1_75' title='bbox 423 691 475 718; x_wconf 81' lang='lat' dir='ltr'>me,</span> <span class='ocrx_word' id='word_1_76' title='bbox 491 682 577 710; x_wconf 84' lang='lat' dir='ltr'>adhuc</span> <span class='ocrx_word' id='word_1_77' title='bbox 592 683 696 710; x_wconf 81' lang='lat' dir='ltr'>sitient.</span> 
     </span>
    </p>

    <p class='ocr_par' dir='ltr' id='par_1_6' title="bbox 245 727 1034 2604">
     <span class='ocr_line' id='line_1_20' title="bbox 284 727 1027 766; baseline -0.004 -7"><span class='ocrx_word' id='word_1_78' title='bbox 284 731 355 760; x_wconf 89' lang='lat' dir='ltr'>ltem</span> <span class='ocrx_word' id='word_1_79' title='bbox 368 729 518 758; x_wconf 86' lang='lat' dir='ltr'>humilitas</span> <span class='ocrx_word' id='word_1_80' title='bbox 533 729 621 758; x_wconf 90' lang='lat' dir='ltr'>etiam</span> <span class='ocrx_word' id='word_1_81' title='bbox 636 727 809 766; x_wconf 82' lang='lat' dir='ltr'>superbiam</span> <span class='ocrx_word' id='word_1_82' title='bbox 824 727 1027 765; x_wconf 83' lang='lat' dir='ltr'>circumvenit,</span> 
     </span>
     <span class='ocr_line' id='line_1_21' title="bbox 247 775 1030 813; baseline -0.001 -8"><span class='ocrx_word' id='word_1_83' title='bbox 247 777 403 806; x_wconf 89' lang='lat' dir='ltr'>meliorem</span> <span class='ocrx_word' id='word_1_84' title='bbox 421 775 537 813; x_wconf 80' lang='lat' dir='ltr'>partem</span> <span class='ocrx_word' id='word_1_85' title='bbox 555 776 705 812; x_wconf 88' lang='lat' dir='ltr'>eligendo.</span> <span class='ocrx_word' id='word_1_86' title='bbox 727 778 760 804; x_wconf 88' lang='lat' dir='ltr'>Et</span> <span class='ocrx_word' id='word_1_87' title='bbox 779 777 850 804; x_wconf 89' lang='lat' dir='ltr'>nota</span> <span class='ocrx_word' id='word_1_88' title='bbox 865 775 1030 812; x_wconf 84' lang='lat' dir='ltr'>specialiter</span> 
     </span>
     <span class='ocr_line' id='line_1_22' title="bbox 249 823 1030 860; baseline -0.001 -8"><span class='ocrx_word' id='word_1_89' title='bbox 249 824 369 858; x_wconf 87' lang='lat' dir='ltr'>decem,</span> <span class='ocrx_word' id='word_1_90' title='bbox 389 824 421 852; x_wconf 89' lang='lat' dir='ltr'>in</span> <span class='ocrx_word' id='word_1_91' title='bbox 440 824 549 860; x_wconf 89' lang='lat' dir='ltr'>quibus</span> <span class='ocrx_word' id='word_1_92' title='bbox 563 823 713 851; x_wconf 85' lang='lat' dir='ltr'>humilitas</span> <span class='ocrx_word' id='word_1_93' title='bbox 733 824 869 859; x_wconf 85' lang='lat' dir='ltr'>respectu</span> <span class='ocrx_word' id='word_1_94' title='bbox 883 823 1030 859; x_wconf 76' lang='lat' dir='ltr'>superbiae</span> 
     </span>
     <span class='ocr_line' id='line_1_23' title="bbox 249 870 1031 907; baseline -0.003 -7"><span class='ocrx_word' id='word_1_95' title='bbox 249 871 331 907; x_wconf 82' lang='lat' dir='ltr'>eligit</span> <span class='ocrx_word' id='word_1_96' title='bbox 353 871 509 900; x_wconf 87' lang='lat' dir='ltr'>meliorem</span> <span class='ocrx_word' id='word_1_97' title='bbox 531 872 656 907; x_wconf 87' lang='lat' dir='ltr'>partem.</span> <span class='ocrx_word' id='word_1_98' title='bbox 677 870 822 906; x_wconf 81' lang='lat' dir='ltr'>Superbia</span> <span class='ocrx_word' id='word_1_99' title='bbox 845 870 926 898; x_wconf 89' lang='lat' dir='ltr'>enim</span> <span class='ocrx_word' id='word_1_100' title='bbox 949 870 1031 905; x_wconf 84' lang='lat' dir='ltr'>eligit</span> 
     </span>
     <span class='ocr_line' id='line_1_24' title="bbox 250 917 1030 955; baseline -0.001 -8"><span class='ocrx_word' id='word_1_101' title='bbox 250 919 333 955; x_wconf 92' lang='lat' dir='ltr'>quod</span> <span class='ocrx_word' id='word_1_102' title='bbox 347 920 390 947; x_wconf 90' lang='lat' dir='ltr'>est</span> <span class='ocrx_word' id='word_1_103' title='bbox 411 920 494 946; x_wconf 83' lang='lat' dir='ltr'>extra</span> <span class='ocrx_word' id='word_1_104' title='bbox 502 927 510 953; x_wconf 91' lang='lat'>;</span> <span class='ocrx_word' id='word_1_105' title='bbox 525 917 693 952; x_wconf 86' lang='lat' dir='ltr'>humilitas,</span> <span class='ocrx_word' id='word_1_106' title='bbox 715 917 798 954; x_wconf 89' lang='lat' dir='ltr'>quod</span> <span class='ocrx_word' id='word_1_107' title='bbox 818 919 860 946; x_wconf 91' lang='lat' dir='ltr'>est</span> <span class='ocrx_word' id='word_1_108' title='bbox 883 918 968 946; x_wconf 86' lang='lat' dir='ltr'>intra.</span> <span class='ocrx_word' id='word_1_109' title='bbox 992 919 1030 946; x_wconf 90' lang='lat' dir='ltr'>De</span> 
     </span>
     <span class='ocr_line' id='line_1_25' title="bbox 248 965 1030 1003; baseline -0.001 -9"><span class='ocrx_word' id='word_1_110' title='bbox 248 967 347 1003; x_wconf 89' lang='lat' dir='ltr'>primo</span> <span class='ocrx_word' id='word_1_111' title='bbox 367 965 473 994; x_wconf 87' lang='lat' dir='ltr'>dicitur</span> <span class='ocrx_word' id='word_1_112' title='bbox 497 965 528 993; x_wconf 90' lang='lat' dir='ltr'>in</span> <span class='ocrx_word' id='word_1_113' title='bbox 550 965 679 992; x_wconf 78' lang='lat' dir='ltr'>Matthoeo</span> <span class='ocrx_word' id='word_1_114' title='bbox 695 965 727 992; x_wconf 81' lang='lat'>³:</span> <span class='ocrx_word' id='word_1_115' title='bbox 747 965 845 993; x_wconf 83' lang='lat' dir='ltr'>Omnia</span> <span class='ocrx_word' id='word_1_116' title='bbox 865 974 925 993; x_wconf 82' lang='lat' dir='ltr'>vcro</span> <span class='ocrx_word' id='word_1_117' title='bbox 948 973 1030 1001; x_wconf 77' lang='lat' dir='ltr'>opera</span> 
     </span>
     <span class='ocr_line' id='line_1_26' title="bbox 248 1012 1031 1048; baseline 0 -7"><span class='ocrx_word' id='word_1_118' title='bbox 248 1022 297 1041; x_wconf 81' lang='lat' dir='ltr'>sua</span> <span class='ocrx_word' id='word_1_119' title='bbox 311 1015 431 1048; x_wconf 77' lang='lat' dir='ltr'>faciunt,</span> <span class='ocrx_word' id='word_1_120' title='bbox 446 1015 477 1040; x_wconf 80' lang='lat' dir='ltr'>ut</span> <span class='ocrx_word' id='word_1_121' title='bbox 492 1013 638 1040; x_wconf 74' lang='lat' dir='ltr'>videantur</span> <span class='ocrx_word' id='word_1_122' title='bbox 653 1012 685 1039; x_wconf 85' lang='lat' dir='ltr'>ab</span> <span class='ocrx_word' id='word_1_123' title='bbox 701 1013 863 1040; x_wconf 74' lang='lat' dir='ltr'>hominibus.</span> <span class='ocrx_word' id='word_1_124' title='bbox 879 1014 917 1041; x_wconf 91' lang='lat' dir='ltr'>De</span> <span class='ocrx_word' id='word_1_125' title='bbox 931 1013 1031 1041; x_wconf 90' lang='lat' dir='ltr'>humi-</span> 
     </span>
     <span class='ocr_line' id='line_1_27' title="bbox 247 1058 1031 1095; baseline 0 -7"><span class='ocrx_word' id='word_1_126' title='bbox 247 1060 328 1088; x_wconf 86' lang='lat' dir='ltr'>libus</span> <span class='ocrx_word' id='word_1_127' title='bbox 346 1067 418 1088; x_wconf 82' lang='lat' dir='ltr'>vero</span> <span class='ocrx_word' id='word_1_128' title='bbox 434 1059 505 1087; x_wconf 91' lang='lat' dir='ltr'>dicit</span> <span class='ocrx_word' id='word_1_129' title='bbox 523 1058 680 1095; x_wconf 74' lang='lat' dir='ltr'>Apostolus</span> <span class='ocrx_word' id='word_1_130' title='bbox 694 1059 704 1075; x_wconf 47' lang='grc' dir='ltr'>ι’</span> <span class='ocrx_word' id='word_1_131' title='bbox 721 1068 727 1086; x_wconf 92' lang='lat'>:</span> <span class='ocrx_word' id='word_1_132' title='bbox 750 1059 843 1087; x_wconf 75' lang='lat' dir='ltr'>Gloria</span> <span class='ocrx_word' id='word_1_133' title='bbox 860 1062 953 1087; x_wconf 76' lang='lat' dir='ltr'>nostra</span> <span class='ocrx_word' id='word_1_134' title='bbox 977 1061 1031 1088; x_wconf 77' lang='lat' dir='ltr'>lzoec</span> 
     </span>
     <span class='ocr_line' id='line_1_28' title="bbox 248 1107 1031 1143; baseline 0 -8"><span class='ocrx_word' id='word_1_135' title='bbox 248 1109 286 1136; x_wconf 78' lang='lat' dir='ltr'>est</span> <span class='ocrx_word' id='word_1_136' title='bbox 295 1128 305 1142; x_wconf 93' lang='lat'>,</span> <span class='ocrx_word' id='word_1_137' title='bbox 335 1109 520 1135; x_wconf 78' lang='lat' dir='ltr'>testimonium</span> <span class='ocrx_word' id='word_1_138' title='bbox 548 1107 717 1134; x_wconf 72' lang='lat' dir='ltr'>conscientiae</span> <span class='ocrx_word' id='word_1_139' title='bbox 748 1109 855 1134; x_wconf 79' lang='lat' dir='ltr'>nostroe.</span> <span class='ocrx_word' id='word_1_140' title='bbox 886 1107 1031 1143; x_wconf 80' lang='lat' dir='ltr'>Superbia</span> 
     </span>
     <span class='ocr_line' id='line_1_29' title="bbox 248 1153 1031 1190; baseline -0.001 -8"><span class='ocrx_word' id='word_1_141' title='bbox 248 1154 329 1190; x_wconf 82' lang='lat' dir='ltr'>eligit</span> <span class='ocrx_word' id='word_1_142' title='bbox 355 1153 511 1190; x_wconf 67' lang='lat' dir='ltr'>seminas,</span> <span class='ocrx_word' id='word_1_143' title='bbox 542 1153 694 1181; x_wconf 85' lang='lat' dir='ltr'>humilitas</span> <span class='ocrx_word' id='word_1_144' title='bbox 720 1153 856 1181; x_wconf 88' lang='lat' dir='ltr'>tortillas.</span> <span class='ocrx_word' id='word_1_145' title='bbox 874 1153 1031 1190; x_wconf 58' lang='lat' dir='ltr'>*Superbia</span> 
     </span>
     <span class='ocr_line' id='line_1_30' title="bbox 248 1201 1031 1237; baseline -0.001 -8"><span class='ocrx_word' id='word_1_146' title='bbox 248 1201 328 1237; x_wconf 82' lang='lat' dir='ltr'>eligit</span> <span class='ocrx_word' id='word_1_147' title='bbox 351 1201 508 1236; x_wconf 83' lang='lat' dir='ltr'>corticem,</span> <span class='ocrx_word' id='word_1_148' title='bbox 532 1201 683 1228; x_wconf 85' lang='lat' dir='ltr'>humilitas</span> <span class='ocrx_word' id='word_1_149' title='bbox 709 1201 861 1228; x_wconf 87' lang='lat' dir='ltr'>nucleum.</span> <span class='ocrx_word' id='word_1_150' title='bbox 885 1201 1031 1237; x_wconf 87' lang='lat' dir='ltr'>Superbia</span> 
     </span>
     <span class='ocr_line' id='line_1_31' title="bbox 248 1248 1030 1285; baseline -0.001 -8"><span class='ocrx_word' id='word_1_151' title='bbox 248 1249 328 1284; x_wconf 85' lang='lat' dir='ltr'>eligit</span> <span class='ocrx_word' id='word_1_152' title='bbox 345 1249 481 1285; x_wconf 86' lang='lat' dir='ltr'>paleam,</span> <span class='ocrx_word' id='word_1_153' title='bbox 497 1248 647 1276; x_wconf 89' lang='lat' dir='ltr'>humilitas</span> <span class='ocrx_word' id='word_1_154' title='bbox 665 1256 803 1283; x_wconf 91' lang='lat' dir='ltr'>granum.</span> <span class='ocrx_word' id='word_1_155' title='bbox 819 1248 964 1285; x_wconf 81' lang='lat' dir='ltr'>Superbia</span> <span class='ocrx_word' id='word_1_156' title='bbox 980 1248 1030 1276; x_wconf 90' lang='lat' dir='ltr'>de-</span> 
     </span>
     <span class='ocr_line' id='line_1_32' title="bbox 248 1295 1028 1331; baseline -0.001 -7"><span class='ocrx_word' id='word_1_157' title='bbox 248 1304 332 1324; x_wconf 91' lang='lat' dir='ltr'>mum</span> <span class='ocrx_word' id='word_1_158' title='bbox 360 1295 442 1331; x_wconf 85' lang='lat' dir='ltr'>eligit</span> <span class='ocrx_word' id='word_1_159' title='bbox 466 1295 575 1329; x_wconf 89' lang='lat' dir='ltr'>flores,</span> <span class='ocrx_word' id='word_1_160' title='bbox 602 1295 754 1323; x_wconf 88' lang='lat' dir='ltr'>humilitas</span> <span class='ocrx_word' id='word_1_161' title='bbox 783 1302 855 1324; x_wconf 86' lang='lat' dir='ltr'>vero</span> <span class='ocrx_word' id='word_1_162' title='bbox 882 1295 1028 1331; x_wconf 81' lang='lat' dir='ltr'>fructum,</span> 
     </span>
     <span class='ocr_line' id='line_1_33' title="bbox 245 1343 1028 1379; baseline 0 -8"><span class='ocrx_word' id='word_1_163' title='bbox 245 1343 330 1379; x_wconf 87' lang='lat' dir='ltr'>juxta</span> <span class='ocrx_word' id='word_1_164' title='bbox 347 1343 424 1371; x_wconf 91' lang='lat' dir='ltr'>illud</span> <span class='ocrx_word' id='word_1_165' title='bbox 442 1343 452 1360; x_wconf 79' lang='lat'>⁵</span> <span class='ocrx_word' id='word_1_166' title='bbox 475 1351 482 1370; x_wconf 73' lang='grc' dir='ltr'>ε</span> <span class='ocrx_word' id='word_1_167' title='bbox 503 1344 618 1370; x_wconf 80' lang='lat' dir='ltr'>Fructus</span> <span class='ocrx_word' id='word_1_168' title='bbox 640 1343 697 1377; x_wconf 74' lang='lat' dir='ltr'>ejus</span> <span class='ocrx_word' id='word_1_169' title='bbox 721 1343 807 1370; x_wconf 74' lang='lat' dir='ltr'>dulcis</span> <span class='ocrx_word' id='word_1_170' title='bbox 830 1345 936 1378; x_wconf 72' lang='lat' dir='ltr'>quitari</span> <span class='ocrx_word' id='word_1_171' title='bbox 961 1351 1028 1371; x_wconf 83' lang='lat' dir='ltr'>meo.</span> 
     </span>
     <span class='ocr_line' id='line_1_34' title="bbox 247 1389 1030 1427; baseline 0 -9"><span class='ocrx_word' id='word_1_172' title='bbox 247 1390 393 1427; x_wconf 88' lang='lat' dir='ltr'>Superbia</span> <span class='ocrx_word' id='word_1_173' title='bbox 419 1390 499 1425; x_wconf 87' lang='lat' dir='ltr'>eligit</span> <span class='ocrx_word' id='word_1_174' title='bbox 527 1391 659 1423; x_wconf 82' lang='lat' dir='ltr'>montes,</span> <span class='ocrx_word' id='word_1_175' title='bbox 686 1389 837 1418; x_wconf 78' lang='lat' dir='ltr'>humilitas</span> <span class='ocrx_word' id='word_1_176' title='bbox 867 1390 967 1418; x_wconf 86' lang='lat' dir='ltr'>valles.</span> <span class='ocrx_word' id='word_1_177' title='bbox 998 1392 1030 1418; x_wconf 90' lang='lat' dir='ltr'>Et</span> 
     </span>
     <span class='ocr_line' id='line_1_35' title="bbox 247 1438 1028 1475; baseline -0.001 -8"><span class='ocrx_word' id='word_1_178' title='bbox 247 1441 328 1474; x_wconf 88' lang='lat' dir='ltr'>nota,</span> <span class='ocrx_word' id='word_1_179' title='bbox 355 1439 438 1475; x_wconf 91' lang='lat' dir='ltr'>quod</span> <span class='ocrx_word' id='word_1_180' title='bbox 460 1439 491 1466; x_wconf 93' lang='lat' dir='ltr'>in</span> <span class='ocrx_word' id='word_1_181' title='bbox 511 1438 664 1466; x_wconf 87' lang='lat' dir='ltr'>montibus</span> <span class='ocrx_word' id='word_1_182' title='bbox 689 1440 756 1465; x_wconf 85' lang='lat' dir='ltr'>sunt</span> <span class='ocrx_word' id='word_1_183' title='bbox 777 1440 906 1474; x_wconf 83' lang='lat' dir='ltr'>quatuor</span> <span class='ocrx_word' id='word_1_184' title='bbox 931 1438 1028 1473; x_wconf 87' lang='lat' dir='ltr'>mala,</span> 
     </span>
     <span class='ocr_line' id='line_1_36' title="bbox 247 1485 1028 1520; baseline -0.001 -6"><span class='ocrx_word' id='word_1_185' title='bbox 247 1486 355 1514; x_wconf 89' lang='lat' dir='ltr'>scilicet</span> <span class='ocrx_word' id='word_1_186' title='bbox 375 1486 496 1514; x_wconf 88' lang='lat' dir='ltr'>ariditas</span> <span class='ocrx_word' id='word_1_187' title='bbox 521 1485 739 1520; x_wconf 82' lang='lat' dir='ltr'>indevotionis,</span> <span class='ocrx_word' id='word_1_188' title='bbox 768 1485 890 1513; x_wconf 85' lang='lat' dir='ltr'>durities</span> <span class='ocrx_word' id='word_1_189' title='bbox 914 1485 1028 1513; x_wconf 89' lang='lat' dir='ltr'>incom-</span> 
     </span>
     <span class='ocr_line' id='line_1_37' title="bbox 246 1532 1030 1570; baseline 0 -9"><span class='ocrx_word' id='word_1_190' title='bbox 246 1533 410 1570; x_wconf 88' lang='lat' dir='ltr'>passionis‚</span> <span class='ocrx_word' id='word_1_191' title='bbox 425 1532 561 1560; x_wconf 87' lang='lat' dir='ltr'>sterilitas</span> <span class='ocrx_word' id='word_1_192' title='bbox 577 1532 757 1568; x_wconf 85' lang='lat' dir='ltr'>operationis</span> <span class='ocrx_word' id='word_1_193' title='bbox 767 1554 775 1567; x_wconf 91' lang='lat'>,</span> <span class='ocrx_word' id='word_1_194' title='bbox 793 1535 821 1560; x_wconf 91' lang='lat' dir='ltr'>et</span> <span class='ocrx_word' id='word_1_195' title='bbox 834 1532 1030 1569; x_wconf 78' lang='lat' dir='ltr'>praecipitium</span> 
     </span>
     <span class='ocr_line' id='line_1_38' title="bbox 248 1579 1030 1615; baseline 0 -7"><span class='ocrx_word' id='word_1_196' title='bbox 248 1579 456 1608; x_wconf 83' lang='lat' dir='ltr'>damnationis.</span> <span class='ocrx_word' id='word_1_197' title='bbox 487 1579 640 1607; x_wconf 85' lang='lat' dir='ltr'>Humilitas</span> <span class='ocrx_word' id='word_1_198' title='bbox 661 1587 732 1607; x_wconf 87' lang='lat' dir='ltr'>vero</span> <span class='ocrx_word' id='word_1_199' title='bbox 758 1579 839 1615; x_wconf 84' lang='lat' dir='ltr'>eligit</span> <span class='ocrx_word' id='word_1_200' title='bbox 864 1580 975 1614; x_wconf 86' lang='lat' dir='ltr'>valles,</span> <span class='ocrx_word' id='word_1_201' title='bbox 999 1580 1030 1608; x_wconf 93' lang='lat' dir='ltr'>in</span> 
     </span>
     <span class='ocr_line' id='line_1_39' title="bbox 248 1626 1027 1664; baseline -0.001 -9"><span class='ocrx_word' id='word_1_202' title='bbox 248 1627 357 1664; x_wconf 87' lang='lat' dir='ltr'>quibus</span> <span class='ocrx_word' id='word_1_203' title='bbox 371 1628 439 1655; x_wconf 84' lang='lat' dir='ltr'>sunt</span> <span class='ocrx_word' id='word_1_204' title='bbox 453 1628 582 1663; x_wconf 84' lang='lat' dir='ltr'>quatuor</span> <span class='ocrx_word' id='word_1_205' title='bbox 593 1627 685 1661; x_wconf 87' lang='lat' dir='ltr'>bona,</span> <span class='ocrx_word' id='word_1_206' title='bbox 698 1626 756 1654; x_wconf 88' lang='lat' dir='ltr'>illis</span> <span class='ocrx_word' id='word_1_207' title='bbox 770 1627 858 1654; x_wconf 87' lang='lat' dir='ltr'>malis</span> <span class='ocrx_word' id='word_1_208' title='bbox 873 1627 1027 1663; x_wconf 81' lang='lat' dir='ltr'>opposita:</span> 
     </span>
     <span class='ocr_line' id='line_1_40' title="bbox 247 1673 1027 1709; baseline 0 -7"><span class='ocrx_word' id='word_1_209' title='bbox 247 1682 318 1702; x_wconf 88' lang='lat' dir='ltr'>nam</span> <span class='ocrx_word' id='word_1_210' title='bbox 328 1674 402 1703; x_wconf 89' lang='lat' dir='ltr'>sicut</span> <span class='ocrx_word' id='word_1_211' title='bbox 415 1674 508 1702; x_wconf 86' lang='lat' dir='ltr'>valles</span> <span class='ocrx_word' id='word_1_212' title='bbox 521 1676 623 1702; x_wconf 89' lang='lat' dir='ltr'>contra</span> <span class='ocrx_word' id='word_1_213' title='bbox 636 1673 803 1702; x_wconf 86' lang='lat' dir='ltr'>ariditatem</span> <span class='ocrx_word' id='word_1_214' title='bbox 818 1675 886 1701; x_wconf 88' lang='lat' dir='ltr'>sunt</span> <span class='ocrx_word' id='word_1_215' title='bbox 900 1673 1027 1709; x_wconf 79' lang='lat' dir='ltr'>irriguae,</span> 
     </span>
     <span class='ocr_line' id='line_1_41' title="bbox 247 1720 1030 1756; baseline 0 -7"><span class='ocrx_word' id='word_1_216' title='bbox 247 1723 350 1750; x_wconf 91' lang='lat' dir='ltr'>contra</span> <span class='ocrx_word' id='word_1_217' title='bbox 361 1721 501 1749; x_wconf 87' lang='lat' dir='ltr'>duritiam</span> <span class='ocrx_word' id='word_1_218' title='bbox 515 1722 583 1748; x_wconf 89' lang='lat' dir='ltr'>sunt</span> <span class='ocrx_word' id='word_1_219' title='bbox 601 1720 718 1756; x_wconf 87' lang='lat' dir='ltr'>molles,</span> <span class='ocrx_word' id='word_1_220' title='bbox 735 1722 838 1749; x_wconf 88' lang='lat' dir='ltr'>contra</span> <span class='ocrx_word' id='word_1_221' title='bbox 850 1721 1030 1749; x_wconf 85' lang='lat' dir='ltr'>sterilitatem</span> 
     </span>
     <span class='ocr_line' id='line_1_42' title="bbox 247 1767 1028 1804; baseline 0 -8"><span class='ocrx_word' id='word_1_222' title='bbox 247 1770 315 1796; x_wconf 87' lang='lat' dir='ltr'>sunt</span> <span class='ocrx_word' id='word_1_223' title='bbox 329 1768 495 1803; x_wconf 85' lang='lat' dir='ltr'>fructiferae,</span> <span class='ocrx_word' id='word_1_224' title='bbox 506 1770 609 1796; x_wconf 87' lang='lat' dir='ltr'>contra</span> <span class='ocrx_word' id='word_1_225' title='bbox 619 1767 816 1804; x_wconf 71' lang='lat' dir='ltr'>praecipitium</span> <span class='ocrx_word' id='word_1_226' title='bbox 832 1770 899 1796; x_wconf 88' lang='lat' dir='ltr'>sunt</span> <span class='ocrx_word' id='word_1_227' title='bbox 910 1776 1028 1803; x_wconf 76' lang='lat' dir='ltr'>securae3</span> 
     </span>
     <span class='ocr_line' id='line_1_43' title="bbox 247 1815 1031 1852; baseline 0 -9"><span class='ocrx_word' id='word_1_228' title='bbox 247 1815 289 1843; x_wconf 88' lang='lat' dir='ltr'>sic</span> <span class='ocrx_word' id='word_1_229' title='bbox 302 1815 445 1850; x_wconf 87' lang='lat' dir='ltr'>humiles,</span> <span class='ocrx_word' id='word_1_230' title='bbox 463 1815 503 1843; x_wconf 92' lang='lat' dir='ltr'>ad</span> <span class='ocrx_word' id='word_1_231' title='bbox 514 1815 641 1843; x_wconf 89' lang='lat' dir='ltr'>modum</span> <span class='ocrx_word' id='word_1_232' title='bbox 660 1815 761 1850; x_wconf 84' lang='lat' dir='ltr'>vallis,</span> <span class='ocrx_word' id='word_1_233' title='bbox 778 1817 846 1843; x_wconf 87' lang='lat' dir='ltr'>sunt</span> <span class='ocrx_word' id='word_1_234' title='bbox 860 1815 963 1851; x_wconf 84' lang='lat' dir='ltr'>irrigui</span> <span class='ocrx_word' id='word_1_235' title='bbox 977 1823 1031 1852; x_wconf 88' lang='lat' dir='ltr'>per</span> 
     </span>
     <span class='ocr_line' id='line_1_44' title="bbox 248 1862 1031 1899; baseline 0 -9"><span class='ocrx_word' id='word_1_236' title='bbox 248 1862 449 1897; x_wconf 88' lang='lat' dir='ltr'>devotionem,</span> <span class='ocrx_word' id='word_1_237' title='bbox 465 1864 493 1890; x_wconf 92' lang='lat' dir='ltr'>et</span> <span class='ocrx_word' id='word_1_238' title='bbox 505 1862 611 1890; x_wconf 90' lang='lat' dir='ltr'>molles</span> <span class='ocrx_word' id='word_1_239' title='bbox 624 1870 678 1898; x_wconf 89' lang='lat' dir='ltr'>per</span> <span class='ocrx_word' id='word_1_240' title='bbox 689 1862 940 1899; x_wconf 79' lang='lat' dir='ltr'>compassionem,</span> <span class='ocrx_word' id='word_1_241' title='bbox 956 1862 1031 1890; x_wconf 88' lang='lat' dir='ltr'>sruc-</span> 
     </span>
     <span class='ocr_line' id='line_1_45' title="bbox 247 1908 1032 1946; baseline 0 -9"><span class='ocrx_word' id='word_1_242' title='bbox 247 1908 322 1937; x_wconf 86' lang='lat' dir='ltr'>tiferi</span> <span class='ocrx_word' id='word_1_243' title='bbox 340 1916 394 1944; x_wconf 90' lang='lat' dir='ltr'>per</span> <span class='ocrx_word' id='word_1_244' title='bbox 412 1909 526 1937; x_wconf 88' lang='lat' dir='ltr'>bonam</span> <span class='ocrx_word' id='word_1_245' title='bbox 539 1909 744 1945; x_wconf 86' lang='lat' dir='ltr'>operationem</span> <span class='ocrx_word' id='word_1_246' title='bbox 754 1931 762 1944; x_wconf 92' lang='lat'>,</span> <span class='ocrx_word' id='word_1_247' title='bbox 778 1910 873 1938; x_wconf 88' lang='lat' dir='ltr'>securi</span> <span class='ocrx_word' id='word_1_248' title='bbox 888 1917 942 1946; x_wconf 88' lang='lat' dir='ltr'>per</span> <span class='ocrx_word' id='word_1_249' title='bbox 957 1909 1032 1937; x_wconf 89' lang='lat' dir='ltr'>divi-</span> 
     </span>
     <span class='ocr_line' id='line_1_46' title="bbox 248 1955 1032 1993; baseline 0.001 -10"><span class='ocrx_word' id='word_1_250' title='bbox 248 1963 319 1983; x_wconf 87' lang='lat' dir='ltr'>nam</span> <span class='ocrx_word' id='word_1_251' title='bbox 335 1955 560 1991; x_wconf 90' lang='lat' dir='ltr'>protectionem,</span> <span class='ocrx_word' id='word_1_252' title='bbox 577 1957 648 1992; x_wconf 87' lang='lat' dir='ltr'>quia</span> <span class='ocrx_word' id='word_1_253' title='bbox 663 1957 693 1984; x_wconf 93' lang='lat' dir='ltr'>in</span> <span class='ocrx_word' id='word_1_254' title='bbox 707 1956 824 1985; x_wconf 87' lang='lat' dir='ltr'>inferno</span> <span class='ocrx_word' id='word_1_255' title='bbox 840 1965 901 1984; x_wconf 92' lang='lat' dir='ltr'>non</span> <span class='ocrx_word' id='word_1_256' title='bbox 916 1958 1032 1993; x_wconf 87' lang='lat' dir='ltr'>oportet</span> 
     </span>
     <span class='ocr_line' id='line_1_47' title="bbox 248 2003 1028 2039; baseline 0.001 -9"><span class='ocrx_word' id='word_1_257' title='bbox 248 2003 351 2031; x_wconf 85' lang='lat' dir='ltr'>timere</span> <span class='ocrx_word' id='word_1_258' title='bbox 365 2003 569 2039; x_wconf 84' lang='lat' dir='ltr'>praecipitium.</span> <span class='ocrx_word' id='word_1_259' title='bbox 590 2003 735 2039; x_wconf 83' lang='lat' dir='ltr'>Superbia</span> <span class='ocrx_word' id='word_1_260' title='bbox 759 2003 839 2039; x_wconf 84' lang='lat' dir='ltr'>eligit</span> <span class='ocrx_word' id='word_1_261' title='bbox 853 2004 1028 2039; x_wconf 84' lang='lat' dir='ltr'>pulchrum,</span> 
     </span>
     <span class='ocr_line' id='line_1_48' title="bbox 248 2049 1029 2085; baseline -0.001 -7"><span class='ocrx_word' id='word_1_262' title='bbox 248 2049 398 2078; x_wconf 85' lang='lat' dir='ltr'>humilitas</span> <span class='ocrx_word' id='word_1_263' title='bbox 420 2050 546 2077; x_wconf 89' lang='lat' dir='ltr'>bonum.</span> <span class='ocrx_word' id='word_1_264' title='bbox 567 2050 712 2085; x_wconf 86' lang='lat' dir='ltr'>Superbia</span> <span class='ocrx_word' id='word_1_265' title='bbox 742 2050 825 2085; x_wconf 82' lang='lat' dir='ltr'>eligit</span> <span class='ocrx_word' id='word_1_266' title='bbox 853 2050 1029 2085; x_wconf 79' lang='lat' dir='ltr'>imaginem,</span> 
     </span>
     <span class='ocr_line' id='line_1_49' title="bbox 248 2096 1032 2132; baseline -0.003 -6"><span class='ocrx_word' id='word_1_267' title='bbox 248 2097 400 2126; x_wconf 86' lang='lat' dir='ltr'>humilitas</span> <span class='ocrx_word' id='word_1_268' title='bbox 413 2096 577 2125; x_wconf 82' lang='lat' dir='ltr'>veritatem.</span> <span class='ocrx_word' id='word_1_269' title='bbox 600 2096 745 2132; x_wconf 88' lang='lat' dir='ltr'>Superbia</span> <span class='ocrx_word' id='word_1_270' title='bbox 766 2097 849 2132; x_wconf 90' lang='lat' dir='ltr'>eligit</span> <span class='ocrx_word' id='word_1_271' title='bbox 869 2097 1032 2124; x_wconf 86' lang='lat' dir='ltr'>contentio-</span> 
     </span>
     <span class='ocr_line' id='line_1_50' title="bbox 249 2143 1032 2179; baseline -0.001 -7"><span class='ocrx_word' id='word_1_272' title='bbox 249 2152 334 2178; x_wconf 85' lang='lat' dir='ltr'>nem,</span> <span class='ocrx_word' id='word_1_273' title='bbox 349 2144 381 2172; x_wconf 90' lang='lat' dir='ltr'>id</span> <span class='ocrx_word' id='word_1_274' title='bbox 404 2145 461 2178; x_wconf 83' lang='lat' dir='ltr'>est,</span> <span class='ocrx_word' id='word_1_275' title='bbox 476 2144 578 2172; x_wconf 92' lang='lat' dir='ltr'>locum</span> <span class='ocrx_word' id='word_1_276' title='bbox 593 2143 795 2179; x_wconf 89' lang='lat' dir='ltr'>superiorem,</span> <span class='ocrx_word' id='word_1_277' title='bbox 810 2151 865 2179; x_wconf 93' lang='lat' dir='ltr'>pro</span> <span class='ocrx_word' id='word_1_278' title='bbox 881 2151 941 2179; x_wconf 90' lang='lat' dir='ltr'>quo</span> <span class='ocrx_word' id='word_1_279' title='bbox 963 2151 1032 2171; x_wconf 92' lang='lat' dir='ltr'>con-</span> 
     </span>
     <span class='ocr_line' id='line_1_51' title="bbox 249 2189 1032 2226; baseline -0.001 -7"><span class='ocrx_word' id='word_1_280' title='bbox 249 2191 374 2219; x_wconf 87' lang='lat' dir='ltr'>tendunt</span> <span class='ocrx_word' id='word_1_281' title='bbox 393 2190 562 2225; x_wconf 87' lang='lat' dir='ltr'>ambitiosi;</span> <span class='ocrx_word' id='word_1_282' title='bbox 584 2190 755 2225; x_wconf 81' lang='lat' dir='ltr'>humilitas,</span> <span class='ocrx_word' id='word_1_283' title='bbox 776 2198 898 2226; x_wconf 88' lang='lat' dir='ltr'>pacem,</span> <span class='ocrx_word' id='word_1_284' title='bbox 923 2189 1032 2218; x_wconf 87' lang='lat' dir='ltr'>scilicet</span> 
     </span>
     <span class='ocr_line' id='line_1_52' title="bbox 249 2237 1030 2273; baseline -0.001 -6"><span class='ocrx_word' id='word_1_285' title='bbox 249 2238 350 2267; x_wconf 90' lang='lat' dir='ltr'>locum</span> <span class='ocrx_word' id='word_1_286' title='bbox 373 2237 561 2271; x_wconf 86' lang='lat' dir='ltr'>inferiorem,</span> <span class='ocrx_word' id='word_1_287' title='bbox 581 2245 636 2273; x_wconf 92' lang='lat' dir='ltr'>pro</span> <span class='ocrx_word' id='word_1_288' title='bbox 660 2245 721 2273; x_wconf 88' lang='lat' dir='ltr'>quo</span> <span class='ocrx_word' id='word_1_289' title='bbox 744 2237 844 2265; x_wconf 89' lang='lat' dir='ltr'>nullus</span> <span class='ocrx_word' id='word_1_290' title='bbox 868 2237 1030 2266; x_wconf 84' lang='lat' dir='ltr'>contendit.</span> 
     </span>
     <span class='ocr_line' id='line_1_53' title="bbox 250 2284 1029 2314; baseline -0.003 0"><span class='ocrx_word' id='word_1_291' title='bbox 250 2285 320 2314; x_wconf 88' lang='lat' dir='ltr'>Ideo</span> <span class='ocrx_word' id='word_1_292' title='bbox 337 2284 408 2312; x_wconf 89' lang='lat' dir='ltr'>dicit</span> <span class='ocrx_word' id='word_1_293' title='bbox 422 2284 555 2313; x_wconf 84' lang='lat' dir='ltr'>Salvator</span> <span class='ocrx_word' id='word_1_294' title='bbox 569 2285 578 2301; x_wconf 73' lang='lat'><strong><em>⁶</em></strong></span> <span class='ocrx_word' id='word_1_295' title='bbox 592 2293 597 2312; x_wconf 93' lang='lat'>:</span> <span class='ocrx_word' id='word_1_296' title='bbox 619 2285 744 2312; x_wconf 77' lang='lat' dir='ltr'>Recumbe</span> <span class='ocrx_word' id='word_1_297' title='bbox 758 2285 788 2312; x_wconf 66' lang='lat' dir='ltr'>iii</span> <span class='ocrx_word' id='word_1_298' title='bbox 803 2286 947 2312; x_wconf 82' lang='lat' dir='ltr'>novissimo</span> <span class='ocrx_word' id='word_1_299' title='bbox 964 2285 1029 2312; x_wconf 85' lang='lat' dir='ltr'>loco.</span> 
     </span>
     <span class='ocr_line' id='line_1_54' title="bbox 251 2331 1032 2367; baseline -0.001 -7"><span class='ocrx_word' id='word_1_300' title='bbox 251 2334 283 2360; x_wconf 90' lang='lat' dir='ltr'>Et</span> <span class='ocrx_word' id='word_1_301' title='bbox 297 2332 338 2360; x_wconf 88' lang='lat' dir='ltr'>sic</span> <span class='ocrx_word' id='word_1_302' title='bbox 351 2333 361 2349; x_wconf 89' lang='lat'><strong>⁷</strong></span> <span class='ocrx_word' id='word_1_303' title='bbox 373 2333 402 2359; x_wconf 84' lang='lat' dir='ltr'>in</span> <span class='ocrx_word' id='word_1_304' title='bbox 414 2339 482 2367; x_wconf 84' lang='lat' dir='ltr'>pace</span> <span class='ocrx_word' id='word_1_305' title='bbox 496 2333 585 2365; x_wconf 79' lang='lat' dir='ltr'>factus</span> <span class='ocrx_word' id='word_1_306' title='bbox 601 2336 638 2359; x_wconf 84' lang='lat' dir='ltr'>est</span> <span class='ocrx_word' id='word_1_307' title='bbox 652 2333 723 2359; x_wconf 87' lang='lat' dir='ltr'>locus</span> <span class='ocrx_word' id='word_1_308' title='bbox 738 2332 795 2367; x_wconf 80' lang='lat' dir='ltr'>ejus</span> <span class='ocrx_word' id='word_1_309' title='bbox 805 2354 812 2364; x_wconf 89' lang='lat'>,</span> <span class='ocrx_word' id='word_1_310' title='bbox 829 2334 861 2359; x_wconf 93' lang='lat' dir='ltr'>ut</span> <span class='ocrx_word' id='word_1_311' title='bbox 881 2331 987 2359; x_wconf 90' lang='lat' dir='ltr'>dicitur</span> <span class='ocrx_word' id='word_1_312' title='bbox 1001 2332 1032 2359; x_wconf 87' lang='lat' dir='ltr'>in</span> 
     </span>
     <span class='ocr_line' id='line_1_55' title="bbox 251 2379 1031 2416; baseline -0.004 -7"><span class='ocrx_word' id='word_1_313' title='bbox 251 2380 376 2409; x_wconf 79' lang='lat' dir='ltr'>Psalmo.</span> <span class='ocrx_word' id='word_1_314' title='bbox 394 2379 539 2416; x_wconf 88' lang='lat' dir='ltr'>Superbia</span> <span class='ocrx_word' id='word_1_315' title='bbox 558 2379 640 2415; x_wconf 82' lang='lat' dir='ltr'>eligit</span> <span class='ocrx_word' id='word_1_316' title='bbox 658 2387 721 2407; x_wconf 85' lang='lat' dir='ltr'>esse</span> <span class='ocrx_word' id='word_1_317' title='bbox 741 2379 772 2406; x_wconf 91' lang='lat' dir='ltr'>in</span> <span class='ocrx_word' id='word_1_318' title='bbox 793 2387 844 2407; x_wconf 89' lang='lat' dir='ltr'>ore</span> <span class='ocrx_word' id='word_1_319' title='bbox 863 2379 1031 2414; x_wconf 87' lang='lat' dir='ltr'>hominum,</span> 
     </span>
     <span class='ocr_line' id='line_1_56' title="bbox 252 2426 1033 2462; baseline -0.003 -7"><span class='ocrx_word' id='word_1_320' title='bbox 252 2429 280 2455; x_wconf 88' lang='lat' dir='ltr'>et</span> <span class='ocrx_word' id='word_1_321' title='bbox 293 2427 362 2455; x_wconf 89' lang='lat' dir='ltr'>ideo</span> <span class='ocrx_word' id='word_1_322' title='bbox 377 2435 439 2455; x_wconf 92' lang='lat' dir='ltr'>non</span> <span class='ocrx_word' id='word_1_323' title='bbox 454 2429 496 2455; x_wconf 88' lang='lat' dir='ltr'>est</span> <span class='ocrx_word' id='word_1_324' title='bbox 510 2427 619 2454; x_wconf 87' lang='lat' dir='ltr'>mirum</span> <span class='ocrx_word' id='word_1_325' title='bbox 635 2426 658 2454; x_wconf 88' lang='lat' dir='ltr'>si</span> <span class='ocrx_word' id='word_1_326' title='bbox 673 2426 758 2454; x_wconf 84' lang='lat' dir='ltr'>sentit</span> <span class='ocrx_word' id='word_1_327' title='bbox 773 2426 938 2462; x_wconf 90' lang='lat' dir='ltr'>aliquando</span> <span class='ocrx_word' id='word_1_328' title='bbox 954 2434 1033 2454; x_wconf 88' lang='lat' dir='ltr'>mor-</span> 
     </span>
     <span class='ocr_line' id='line_1_57' title="bbox 252 2473 1032 2509; baseline 0 -9"><span class='ocrx_word' id='word_1_329' title='bbox 252 2482 301 2501; x_wconf 91' lang='lat' dir='ltr'>sus</span> <span class='ocrx_word' id='word_1_330' title='bbox 320 2474 525 2508; x_wconf 81' lang='lat' dir='ltr'>detractionis3</span> <span class='ocrx_word' id='word_1_331' title='bbox 551 2473 702 2501; x_wconf 85' lang='lat' dir='ltr'>humilitas</span> <span class='ocrx_word' id='word_1_332' title='bbox 722 2481 794 2501; x_wconf 80' lang='lat' dir='ltr'>vero</span> <span class='ocrx_word' id='word_1_333' title='bbox 816 2473 898 2509; x_wconf 86' lang='lat' dir='ltr'>eligit</span> <span class='ocrx_word' id='word_1_334' title='bbox 917 2481 979 2501; x_wconf 88' lang='lat' dir='ltr'>esse</span> <span class='ocrx_word' id='word_1_335' title='bbox 1002 2473 1032 2501; x_wconf 89' lang='lat' dir='ltr'>in</span> 
     </span>
     <span class='ocr_line' id='line_1_58' title="bbox 249 2520 1034 2557; baseline 0.001 -9"><span class='ocrx_word' id='word_1_336' title='bbox 249 2520 363 2555; x_wconf 91' lang='lat' dir='ltr'>judicio</span> <span class='ocrx_word' id='word_1_337' title='bbox 380 2521 439 2554; x_wconf 87' lang='lat' dir='ltr'>Dei,</span> <span class='ocrx_word' id='word_1_338' title='bbox 455 2529 507 2557; x_wconf 88' lang='lat' dir='ltr'>per</span> <span class='ocrx_word' id='word_1_339' title='bbox 519 2528 610 2556; x_wconf 81' lang='lat' dir='ltr'>quem</span> <span class='ocrx_word' id='word_1_340' title='bbox 620 2520 718 2548; x_wconf 88' lang='lat' dir='ltr'>solum</span> <span class='ocrx_word' id='word_1_341' title='bbox 730 2520 792 2547; x_wconf 92' lang='lat' dir='ltr'>vult</span> <span class='ocrx_word' id='word_1_342' title='bbox 804 2520 942 2555; x_wconf 84' lang='lat' dir='ltr'>judicari,</span> <span class='ocrx_word' id='word_1_343' title='bbox 959 2520 1034 2549; x_wconf 87' lang='lat' dir='ltr'>sicut</span> 
     </span>
     <span class='ocr_line' id='line_1_59' title="bbox 254 2567 1032 2604; baseline 0.003 -10"><span class='ocrx_word' id='word_1_344' title='bbox 254 2567 323 2596; x_wconf 90' lang='lat' dir='ltr'>dicit</span> <span class='ocrx_word' id='word_1_345' title='bbox 341 2567 497 2604; x_wconf 89' lang='lat' dir='ltr'>Apostolus</span> <span class='ocrx_word' id='word_1_346' title='bbox 513 2568 522 2585; x_wconf 67' lang='grc' dir='ltr'>Β</span> <span class='ocrx_word' id='word_1_347' title='bbox 540 2578 545 2594; x_wconf 92' lang='lat'>:</span> <span class='ocrx_word' id='word_1_348' title='bbox 572 2567 625 2600; x_wconf 82' lang='lat' dir='ltr'>Qui</span> <span class='ocrx_word' id='word_1_349' title='bbox 641 2570 728 2595; x_wconf 78' lang='lat' dir='ltr'>autem</span> <span class='ocrx_word' id='word_1_350' title='bbox 744 2567 850 2601; x_wconf 72' lang='lat' dir='ltr'>judicat</span> <span class='ocrx_word' id='word_1_351' title='bbox 865 2576 924 2602; x_wconf 83' lang='lat' dir='ltr'>me,</span> <span class='ocrx_word' id='word_1_352' title='bbox 940 2569 1032 2596; x_wconf 83' lang='lat' dir='ltr'>Domi-</span> 
     </span>
    </p>
   </div>
   <div class='ocr_carea' id='block_1_4' title="bbox 254 2641 1033 2744">
    <p class='ocr_par' dir='ltr' id='par_1_7' title="bbox 254 2641 1033 2744">
     <span class='ocr_line' id='line_1_60' title="bbox 287 2641 1031 2672; baseline 0 -7"><span class='ocrx_word' id='word_1_353' title='bbox 287 2642 291 2654; x_wconf 84' lang='lat'><strong>¹</strong></span> <span class='ocrx_word' id='word_1_354' title='bbox 309 2641 399 2670; x_wconf 63' lang='lat' dir='ltr'>Ereti,</span> <span class='ocrx_word' id='word_1_355' title='bbox 416 2648 495 2672; x_wconf 82' lang='lat' dir='ltr'>xv111‚</span> <span class='ocrx_word' id='word_1_356' title='bbox 511 2643 533 2665; x_wconf 83' lang='grc'>6.</span> <span class='ocrx_word' id='word_1_357' title='bbox 550 2655 576 2658; x_wconf 96' lang='grc'>-</span> <span class='ocrx_word' id='word_1_358' title='bbox 594 2642 603 2657; x_wconf 84' lang='lat'><strong>¹</strong></span> <span class='ocrx_word' id='word_1_359' title='bbox 617 2641 705 2669; x_wconf 80' lang='lat' dir='ltr'>Eccli..</span> <span class='ocrx_word' id='word_1_360' title='bbox 721 2648 793 2672; x_wconf 70' lang='lat' dir='ltr'>xxm,</span> <span class='ocrx_word' id='word_1_361' title='bbox 810 2643 849 2666; x_wconf 75' lang='lat'>129.</span> <span class='ocrx_word' id='word_1_362' title='bbox 862 2655 892 2659; x_wconf 97' lang='lat'><strong>—</strong></span> <span class='ocrx_word' id='word_1_363' title='bbox 906 2642 916 2657; x_wconf 82' lang='lat'>³</span> <span class='ocrx_word' id='word_1_364' title='bbox 931 2642 1031 2672; x_wconf 59' lang='lat' dir='ltr'>Mami„</span> 
     </span>
     <span class='ocr_line' id='line_1_61' title="bbox 254 2677 1033 2707; baseline 0.003 -7"><span class='ocrx_word' id='word_1_365' title='bbox 254 2682 333 2707; x_wconf 80' lang='lat' dir='ltr'>xxm,</span> <span class='ocrx_word' id='word_1_366' title='bbox 351 2678 374 2700; x_wconf 81' lang='lat'>5.</span> <span class='ocrx_word' id='word_1_367' title='bbox 388 2690 419 2695; x_wconf 88' lang='lat'>-</span> <span class='ocrx_word' id='word_1_368' title='bbox 433 2678 443 2693; x_wconf 67' lang='grc' dir='ltr'>δ</span> <span class='ocrx_word' id='word_1_369' title='bbox 457 2678 475 2701; x_wconf 86' lang='grc' dir='ltr'><strong>Η</strong></span> <span class='ocrx_word' id='word_1_370' title='bbox 492 2678 590 2706; x_wconf 77' lang='lat' dir='ltr'>Cor.,1‚</span> <span class='ocrx_word' id='word_1_371' title='bbox 606 2678 644 2701; x_wconf 77' lang='lat'>¹2.</span> <span class='ocrx_word' id='word_1_372' title='bbox 655 2690 684 2694; x_wconf 92' lang='lat'>-—</span> <span class='ocrx_word' id='word_1_373' title='bbox 699 2678 708 2694; x_wconf 87' lang='lat'>⁵</span> <span class='ocrx_word' id='word_1_374' title='bbox 722 2677 805 2707; x_wconf 67' lang='lat' dir='ltr'>Cant„</span> <span class='ocrx_word' id='word_1_375' title='bbox 817 2684 846 2707; x_wconf 83' lang='lat'>11,</span> <span class='ocrx_word' id='word_1_376' title='bbox 863 2679 885 2702; x_wconf 86' lang='lat'>3.</span> <span class='ocrx_word' id='word_1_377' title='bbox 896 2691 926 2696; x_wconf 92' lang='lat'>—</span> <span class='ocrx_word' id='word_1_378' title='bbox 941 2678 950 2694; x_wconf 77' lang='lat'><strong>⁶</strong></span> <span class='ocrx_word' id='word_1_379' title='bbox 965 2678 1033 2707; x_wconf 66' lang='lat' dir='ltr'>Luc„</span> 
     </span>
     <span class='ocr_line' id='line_1_62' title="bbox 255 2712 1032 2744; baseline 0.001 -7"><span class='ocrx_word' id='word_1_380' title='bbox 255 2718 309 2743; x_wconf 79' lang='lat' dir='ltr'>xw,</span> <span class='ocrx_word' id='word_1_381' title='bbox 334 2713 372 2736; x_wconf 75' lang='grc' dir='ltr'>ιο.</span> <span class='ocrx_word' id='word_1_382' title='bbox 391 2725 421 2730; x_wconf 97' lang='grc'>-</span> <span class='ocrx_word' id='word_1_383' title='bbox 439 2713 450 2729; x_wconf 96' lang='lat'><strong>⁷</strong></span> <span class='ocrx_word' id='word_1_384' title='bbox 468 2712 538 2737; x_wconf 74' lang='lat' dir='ltr'>Psal.</span> <span class='ocrx_word' id='word_1_385' title='bbox 560 2718 636 2743; x_wconf 63' lang='lat' dir='ltr'>min,</span> <span class='ocrx_word' id='word_1_386' title='bbox 658 2713 681 2736; x_wconf 89' lang='lat'>3.</span> <span class='ocrx_word' id='word_1_387' title='bbox 703 2725 730 2731; x_wconf 92' lang='lat'>—</span> <span class='ocrx_word' id='word_1_388' title='bbox 751 2713 761 2729; x_wconf 81' lang='lat'>⁸</span> <span class='ocrx_word' id='word_1_389' title='bbox 783 2714 790 2737; x_wconf 87' lang='grc' dir='ltr'>Ι</span> <span class='ocrx_word' id='word_1_390' title='bbox 814 2713 884 2740; x_wconf 74' lang='lat' dir='ltr'>Cor..</span> <span class='ocrx_word' id='word_1_391' title='bbox 903 2719 937 2744; x_wconf 77' lang='grc' dir='ltr'>ιν,</span> <span class='ocrx_word' id='word_1_392' title='bbox 958 2714 980 2738; x_wconf 84' lang='grc'>4.</span> <span class='ocrx_word' id='word_1_393' title='bbox 1002 2726 1032 2731; x_wconf 95' lang='grc'>-</span> 
     </span>
    </p>
   </div>
   <div class='ocr_carea' id='block_1_5' title="bbox 1804 233 1862 263">
    <p class='ocr_par' dir='ltr' id='par_1_8' title="bbox 1804 233 1862 263">
     <span class='ocr_line' id='line_1_63' title="bbox 1804 233 1862 263; baseline -0.017 0"><span class='ocrx_word' id='word_1_394' title='bbox 1804 233 1862 263; x_wconf 77' lang='lat'>315</span> 
     </span>
    </p>
   </div>
   <div class='ocr_carea' id='block_1_6' title="bbox 1081 299 1874 2600">
    <p class='ocr_par' dir='ltr' id='par_1_9' title="bbox 1081 299 1867 667">
     <span class='ocr_line' id='line_1_64' title="bbox 1081 299 1865 338; baseline -0.004 -7"><span class='ocrx_word' id='word_1_395' title='bbox 1081 310 1133 331; x_wconf 80' lang='lat' dir='ltr'>nus</span> <span class='ocrx_word' id='word_1_396' title='bbox 1145 303 1194 331; x_wconf 82' lang='lat' dir='ltr'>est.</span> <span class='ocrx_word' id='word_1_397' title='bbox 1213 301 1366 331; x_wconf 79' lang='lat' dir='ltr'>Humilitas</span> <span class='ocrx_word' id='word_1_398' title='bbox 1380 301 1502 338; x_wconf 86' lang='lat' dir='ltr'>insuper</span> <span class='ocrx_word' id='word_1_399' title='bbox 1517 301 1642 338; x_wconf 87' lang='lat' dir='ltr'>despicit</span> <span class='ocrx_word' id='word_1_400' title='bbox 1659 302 1688 330; x_wconf 86' lang='lat' dir='ltr'>et</span> <span class='ocrx_word' id='word_1_401' title='bbox 1706 299 1865 338; x_wconf 84' lang='lat' dir='ltr'>parvipen-</span> 
     </span>
     <span class='ocr_line' id='line_1_65' title="bbox 1083 347 1863 386; baseline -0.003 -8"><span class='ocrx_word' id='word_1_402' title='bbox 1083 349 1127 378; x_wconf 93' lang='lat' dir='ltr'>dit</span> <span class='ocrx_word' id='word_1_403' title='bbox 1141 348 1313 384; x_wconf 87' lang='lat' dir='ltr'>diabolum,</span> <span class='ocrx_word' id='word_1_404' title='bbox 1329 349 1393 384; x_wconf 77' lang='lat' dir='ltr'>eJus</span> <span class='ocrx_word' id='word_1_405' title='bbox 1415 348 1526 377; x_wconf 88' lang='lat' dir='ltr'>scilicet</span> <span class='ocrx_word' id='word_1_406' title='bbox 1547 349 1673 386; x_wconf 84' lang='lat' dir='ltr'>laqueos</span> <span class='ocrx_word' id='word_1_407' title='bbox 1693 347 1863 377; x_wconf 88' lang='lat' dir='ltr'>evadendo.</span> 
     </span>
     <span class='ocr_line' id='line_1_66' title="bbox 1082 394 1866 433; baseline -0.003 -8"><span class='ocrx_word' id='word_1_408' title='bbox 1082 399 1156 426; x_wconf 84' lang='lat' dir='ltr'>Nam</span> <span class='ocrx_word' id='word_1_409' title='bbox 1170 397 1244 425; x_wconf 90' lang='lat' dir='ltr'>sicut</span> <span class='ocrx_word' id='word_1_410' title='bbox 1257 396 1389 433; x_wconf 88' lang='lat' dir='ltr'>pisciculi</span> <span class='ocrx_word' id='word_1_411' title='bbox 1408 396 1540 424; x_wconf 88' lang='lat' dir='ltr'>evadunt</span> <span class='ocrx_word' id='word_1_412' title='bbox 1553 403 1706 432; x_wconf 87' lang='lat' dir='ltr'>sagenam,</span> <span class='ocrx_word' id='word_1_413' title='bbox 1717 394 1758 423; x_wconf 90' lang='lat' dir='ltr'>sic</span> <span class='ocrx_word' id='word_1_414' title='bbox 1770 394 1866 423; x_wconf 90' lang='lat' dir='ltr'>humi·</span> 
     </span>
     <span class='ocr_line' id='line_1_67' title="bbox 1083 442 1866 480; baseline -0.001 -8"><span class='ocrx_word' id='word_1_415' title='bbox 1083 444 1126 472; x_wconf 86' lang='lat' dir='ltr'>les</span> <span class='ocrx_word' id='word_1_416' title='bbox 1144 445 1215 480; x_wconf 88' lang='lat' dir='ltr'>rete,</span> <span class='ocrx_word' id='word_1_417' title='bbox 1231 444 1263 471; x_wconf 90' lang='lat' dir='ltr'>id</span> <span class='ocrx_word' id='word_1_418' title='bbox 1281 444 1339 478; x_wconf 89' lang='lat' dir='ltr'>est,</span> <span class='ocrx_word' id='word_1_419' title='bbox 1356 443 1530 471; x_wconf 86' lang='lat' dir='ltr'>tentationes</span> <span class='ocrx_word' id='word_1_420' title='bbox 1545 442 1719 471; x_wconf 89' lang='lat' dir='ltr'>diabolicas.</span> <span class='ocrx_word' id='word_1_421' title='bbox 1735 443 1767 471; x_wconf 91' lang='lat' dir='ltr'>In</span> <span class='ocrx_word' id='word_1_422' title='bbox 1781 443 1866 478; x_wconf 88' lang='lat' dir='ltr'>cujus</span> 
     </span>
     <span class='ocr_line' id='line_1_68' title="bbox 1083 489 1865 527; baseline -0.003 -8"><span class='ocrx_word' id='word_1_423' title='bbox 1083 491 1179 527; x_wconf 84' lang='lat' dir='ltr'>figura</span> <span class='ocrx_word' id='word_1_424' title='bbox 1203 498 1254 519; x_wconf 87' lang='lat' dir='ltr'>rex</span> <span class='ocrx_word' id='word_1_425' title='bbox 1278 490 1486 519; x_wconf 80' lang='lat' dir='ltr'>Chaldaeorum</span> <span class='ocrx_word' id='word_1_426' title='bbox 1510 489 1657 518; x_wconf 84' lang='lat' dir='ltr'>transtulit</span> <span class='ocrx_word' id='word_1_427' title='bbox 1684 489 1714 517; x_wconf 93' lang='lat' dir='ltr'>in</span> <span class='ocrx_word' id='word_1_428' title='bbox 1738 489 1865 526; x_wconf 89' lang='lat' dir='ltr'>Babylo-</span> 
     </span>
     <span class='ocr_line' id='line_1_69' title="bbox 1083 536 1867 575; baseline -0.001 -9"><span class='ocrx_word' id='word_1_429' title='bbox 1083 539 1166 566; x_wconf 89' lang='lat' dir='ltr'>niam</span> <span class='ocrx_word' id='word_1_430' title='bbox 1178 540 1206 566; x_wconf 91' lang='lat' dir='ltr'>et</span> <span class='ocrx_word' id='word_1_431' title='bbox 1215 537 1376 575; x_wconf 83' lang='lat' dir='ltr'>captivavit</span> <span class='ocrx_word' id='word_1_432' title='bbox 1385 537 1502 565; x_wconf 87' lang='lat' dir='ltr'>nobiles</span> <span class='ocrx_word' id='word_1_433' title='bbox 1513 538 1542 565; x_wconf 88' lang='lat' dir='ltr'>et</span> <span class='ocrx_word' id='word_1_434' title='bbox 1553 538 1696 573; x_wconf 83' lang='lat' dir='ltr'>potentes,</span> <span class='ocrx_word' id='word_1_435' title='bbox 1714 538 1742 565; x_wconf 87' lang='lat' dir='ltr'>et</span> <span class='ocrx_word' id='word_1_436' title='bbox 1756 536 1867 565; x_wconf 90' lang='lat' dir='ltr'>dimisit</span> 
     </span>
     <span class='ocr_line' id='line_1_70' title="bbox 1083 583 1867 622; baseline -0.004 -8"><span class='ocrx_word' id='word_1_437' title='bbox 1083 593 1241 622; x_wconf 80' lang='lat' dir='ltr'>paupereS,</span> <span class='ocrx_word' id='word_1_438' title='bbox 1258 585 1290 613; x_wconf 91' lang='lat' dir='ltr'>id</span> <span class='ocrx_word' id='word_1_439' title='bbox 1305 586 1356 620; x_wconf 86' lang='lat' dir='ltr'>est,</span> <span class='ocrx_word' id='word_1_440' title='bbox 1374 584 1519 620; x_wconf 82' lang='lat' dir='ltr'>agricolas</span> <span class='ocrx_word' id='word_1_441' title='bbox 1535 586 1563 612; x_wconf 91' lang='lat' dir='ltr'>et</span> <span class='ocrx_word' id='word_1_442' title='bbox 1576 583 1729 618; x_wconf 81' lang='lat' dir='ltr'>vinitores,</span> <span class='ocrx_word' id='word_1_443' title='bbox 1743 585 1775 612; x_wconf 90' lang='lat' dir='ltr'>ut</span> <span class='ocrx_word' id='word_1_444' title='bbox 1795 583 1867 612; x_wconf 91' lang='lat' dir='ltr'>dici-</span> 
     </span>
     <span class='ocr_line' id='line_1_71' title="bbox 1084 631 1415 667; baseline 0 -7"><span class='ocrx_word' id='word_1_445' title='bbox 1084 634 1131 661; x_wconf 87' lang='lat' dir='ltr'>tur</span> <span class='ocrx_word' id='word_1_446' title='bbox 1145 632 1175 660; x_wconf 88' lang='lat' dir='ltr'>in</span> <span class='ocrx_word' id='word_1_447' title='bbox 1188 631 1273 660; x_wconf 87' lang='lat' dir='ltr'>libris</span> <span class='ocrx_word' id='word_1_448' title='bbox 1285 633 1385 667; x_wconf 69' lang='lat' dir='ltr'>Requm</span> <span class='ocrx_word' id='word_1_449' title='bbox 1394 633 1415 660; x_wconf 86' lang='lat'>⁹.</span> 
     </span>
    </p>

    <p class='ocr_par' dir='ltr' id='par_1_10' title="bbox 1084 677 1874 2036">
     <span class='ocr_line' id='line_1_72' title="bbox 1120 677 1867 716; baseline -0.003 -8"><span class='ocrx_word' id='word_1_450' title='bbox 1120 679 1274 708; x_wconf 88' lang='lat' dir='ltr'>Humilitas</span> <span class='ocrx_word' id='word_1_451' title='bbox 1307 679 1428 716; x_wconf 87' lang='lat' dir='ltr'>insuper</span> <span class='ocrx_word' id='word_1_452' title='bbox 1461 678 1552 707; x_wconf 87' lang='lat' dir='ltr'>habet</span> <span class='ocrx_word' id='word_1_453' title='bbox 1590 679 1707 706; x_wconf 90' lang='lat' dir='ltr'>motum</span> <span class='ocrx_word' id='word_1_454' title='bbox 1745 677 1867 706; x_wconf 86' lang='lat' dir='ltr'>incitati-</span> 
     </span>
     <span class='ocr_line' id='line_1_73' title="bbox 1084 724 1868 762; baseline -0.004 -7"><span class='ocrx_word' id='word_1_455' title='bbox 1084 735 1157 755; x_wconf 90' lang='lat' dir='ltr'>vum</span> <span class='ocrx_word' id='word_1_456' title='bbox 1167 748 1176 762; x_wconf 95' lang='lat'>,</span> <span class='ocrx_word' id='word_1_457' title='bbox 1200 726 1232 754; x_wconf 91' lang='lat' dir='ltr'>id</span> <span class='ocrx_word' id='word_1_458' title='bbox 1258 728 1300 755; x_wconf 91' lang='lat' dir='ltr'>est</span> <span class='ocrx_word' id='word_1_459' title='bbox 1310 748 1319 762; x_wconf 91' lang='lat'>,</span> <span class='ocrx_word' id='word_1_460' title='bbox 1345 734 1448 755; x_wconf 84' lang='lat' dir='ltr'>causas</span> <span class='ocrx_word' id='word_1_461' title='bbox 1470 726 1580 754; x_wconf 89' lang='lat' dir='ltr'>multas</span> <span class='ocrx_word' id='word_1_462' title='bbox 1590 747 1598 761; x_wconf 95' lang='lat'>,</span> <span class='ocrx_word' id='word_1_463' title='bbox 1624 733 1690 762; x_wconf 85' lang='lat' dir='ltr'>quae</span> <span class='ocrx_word' id='word_1_464' title='bbox 1713 724 1868 753; x_wconf 87' lang='lat' dir='ltr'>hominem</span> 
     </span>
     <span class='ocr_line' id='line_1_74' title="bbox 1085 772 1867 807; baseline -0.003 -5"><span class='ocrx_word' id='word_1_465' title='bbox 1085 782 1207 802; x_wconf 88' lang='lat' dir='ltr'>movere</span> <span class='ocrx_word' id='word_1_466' title='bbox 1225 774 1335 802; x_wconf 86' lang='lat' dir='ltr'>debent</span> <span class='ocrx_word' id='word_1_467' title='bbox 1347 773 1386 801; x_wconf 89' lang='lat' dir='ltr'>ad</span> <span class='ocrx_word' id='word_1_468' title='bbox 1396 782 1426 801; x_wconf 89' lang='lat' dir='ltr'>se</span> <span class='ocrx_word' id='word_1_469' title='bbox 1440 773 1672 801; x_wconf 88' lang='lat' dir='ltr'>humiliandum.</span> <span class='ocrx_word' id='word_1_470' title='bbox 1689 772 1770 800; x_wconf 89' lang='lat' dir='ltr'>Unde</span> <span class='ocrx_word' id='word_1_471' title='bbox 1786 774 1867 807; x_wconf 88' lang='lat' dir='ltr'>nota,</span> 
     </span>
     <span class='ocr_line' id='line_1_75' title="bbox 1085 819 1868 858; baseline -0.004 -9"><span class='ocrx_word' id='word_1_472' title='bbox 1085 821 1169 858; x_wconf 90' lang='lat' dir='ltr'>quod</span> <span class='ocrx_word' id='word_1_473' title='bbox 1190 822 1257 849; x_wconf 92' lang='lat' dir='ltr'>sunt</span> <span class='ocrx_word' id='word_1_474' title='bbox 1276 820 1410 857; x_wconf 88' lang='lat' dir='ltr'>quinque</span> <span class='ocrx_word' id='word_1_475' title='bbox 1430 828 1526 848; x_wconf 85' lang='lat' dir='ltr'>causae</span> <span class='ocrx_word' id='word_1_476' title='bbox 1545 819 1718 856; x_wconf 80' lang='lat' dir='ltr'>praecipuae,</span> <span class='ocrx_word' id='word_1_477' title='bbox 1736 827 1773 847; x_wconf 79' lang='lat' dir='ltr'>ex</span> <span class='ocrx_word' id='word_1_478' title='bbox 1794 826 1868 855; x_wconf 87' lang='lat' dir='ltr'>qua-</span> 
     </span>
     <span class='ocr_line' id='line_1_76' title="bbox 1084 865 1869 903; baseline -0.003 -7"><span class='ocrx_word' id='word_1_479' title='bbox 1084 877 1153 896; x_wconf 89' lang='lat' dir='ltr'>rum</span> <span class='ocrx_word' id='word_1_480' title='bbox 1166 868 1403 897; x_wconf 84' lang='lat' dir='ltr'>consideratione</span> <span class='ocrx_word' id='word_1_481' title='bbox 1420 867 1510 895; x_wconf 89' lang='lat' dir='ltr'>debet</span> <span class='ocrx_word' id='word_1_482' title='bbox 1525 867 1618 896; x_wconf 91' lang='lat' dir='ltr'>homo</span> <span class='ocrx_word' id='word_1_483' title='bbox 1630 867 1762 903; x_wconf 87' lang='lat' dir='ltr'>seipsum</span> <span class='ocrx_word' id='word_1_484' title='bbox 1773 865 1869 895; x_wconf 91' lang='lat' dir='ltr'>humi-</span> 
     </span>
     <span class='ocr_line' id='line_1_77' title="bbox 1085 914 1869 951; baseline -0.003 -8"><span class='ocrx_word' id='word_1_485' title='bbox 1085 915 1158 943; x_wconf 87' lang='lat' dir='ltr'>liare</span> <span class='ocrx_word' id='word_1_486' title='bbox 1173 924 1179 943; x_wconf 92' lang='lat'><strong>:</strong></span> <span class='ocrx_word' id='word_1_487' title='bbox 1197 916 1221 943; x_wconf 88' lang='lat' dir='ltr'>si</span> <span class='ocrx_word' id='word_1_488' title='bbox 1240 915 1424 950; x_wconf 87' lang='lat' dir='ltr'>consideret,</span> <span class='ocrx_word' id='word_1_489' title='bbox 1441 923 1507 951; x_wconf 76' lang='lat' dir='ltr'>quae</span> <span class='ocrx_word' id='word_1_490' title='bbox 1525 916 1593 942; x_wconf 89' lang='lat' dir='ltr'>sunt</span> <span class='ocrx_word' id='word_1_491' title='bbox 1611 914 1704 949; x_wconf 81' lang='lat' dir='ltr'>infra3</span> <span class='ocrx_word' id='word_1_492' title='bbox 1721 922 1787 950; x_wconf 89' lang='lat' dir='ltr'>quae</span> <span class='ocrx_word' id='word_1_493' title='bbox 1801 916 1869 942; x_wconf 85' lang='lat' dir='ltr'>sunt</span> 
     </span>
     <span class='ocr_line' id='line_1_78' title="bbox 1085 962 1869 999; baseline -0.003 -9"><span class='ocrx_word' id='word_1_494' title='bbox 1085 962 1176 997; x_wconf 85' lang='lat' dir='ltr'>intra3</span> <span class='ocrx_word' id='word_1_495' title='bbox 1193 971 1260 999; x_wconf 61' lang='lat' dir='ltr'>quae</span> <span class='ocrx_word' id='word_1_496' title='bbox 1271 964 1340 990; x_wconf 90' lang='lat' dir='ltr'>sunt</span> <span class='ocrx_word' id='word_1_497' title='bbox 1351 963 1436 997; x_wconf 77' lang='lat' dir='ltr'>juxta</span> <span class='ocrx_word' id='word_1_498' title='bbox 1442 971 1450 997; x_wconf 85' lang='lat'><em>3</em></span> <span class='ocrx_word' id='word_1_499' title='bbox 1465 970 1531 998; x_wconf 85' lang='lat' dir='ltr'>quae</span> <span class='ocrx_word' id='word_1_500' title='bbox 1543 963 1611 990; x_wconf 85' lang='lat' dir='ltr'>sunt</span> <span class='ocrx_word' id='word_1_501' title='bbox 1621 963 1723 990; x_wconf 87' lang='lat' dir='ltr'>contra</span> <span class='ocrx_word' id='word_1_502' title='bbox 1736 971 1744 997; x_wconf 93' lang='lat'>;</span> <span class='ocrx_word' id='word_1_503' title='bbox 1761 963 1788 989; x_wconf 88' lang='lat' dir='ltr'>et</span> <span class='ocrx_word' id='word_1_504' title='bbox 1803 969 1869 997; x_wconf 77' lang='lat' dir='ltr'>quae</span> 
     </span>
     <span class='ocr_line' id='line_1_79' title="bbox 1085 1007 1869 1046; baseline -0.001 -9"><span class='ocrx_word' id='word_1_505' title='bbox 1085 1011 1153 1037; x_wconf 87' lang='lat' dir='ltr'>sunt</span> <span class='ocrx_word' id='word_1_506' title='bbox 1175 1017 1275 1046; x_wconf 88' lang='lat' dir='ltr'>supra.</span> <span class='ocrx_word' id='word_1_507' title='bbox 1297 1009 1394 1037; x_wconf 90' lang='lat' dir='ltr'>Prima</span> <span class='ocrx_word' id='word_1_508' title='bbox 1418 1009 1508 1045; x_wconf 85' lang='lat' dir='ltr'>igitur</span> <span class='ocrx_word' id='word_1_509' title='bbox 1527 1017 1616 1037; x_wconf 86' lang='lat' dir='ltr'>causa</span> <span class='ocrx_word' id='word_1_510' title='bbox 1634 1007 1807 1036; x_wconf 88' lang='lat' dir='ltr'>humilitatis</span> <span class='ocrx_word' id='word_1_511' title='bbox 1827 1009 1869 1036; x_wconf 90' lang='lat' dir='ltr'>est</span> 
     </span>
     <span class='ocr_line' id='line_1_80' title="bbox 1086 1054 1868 1093; baseline -0.001 -9"><span class='ocrx_word' id='word_1_512' title='bbox 1086 1056 1283 1085; x_wconf 85' lang='lat' dir='ltr'>consideratio</span> <span class='ocrx_word' id='word_1_513' title='bbox 1299 1058 1440 1085; x_wconf 80' lang='lat' dir='ltr'>creaturae</span> <span class='ocrx_word' id='word_1_514' title='bbox 1455 1056 1628 1093; x_wconf 85' lang='lat' dir='ltr'>corporalis,</span> <span class='ocrx_word' id='word_1_515' title='bbox 1645 1064 1711 1092; x_wconf 82' lang='lat' dir='ltr'>quae</span> <span class='ocrx_word' id='word_1_516' title='bbox 1726 1056 1757 1083; x_wconf 91' lang='lat' dir='ltr'>in</span> <span class='ocrx_word' id='word_1_517' title='bbox 1769 1054 1868 1084; x_wconf 90' lang='lat' dir='ltr'>homi-</span> 
     </span>
     <span class='ocr_line' id='line_1_81' title="bbox 1085 1102 1870 1140; baseline -0.003 -9"><span class='ocrx_word' id='word_1_518' title='bbox 1085 1112 1122 1132; x_wconf 88' lang='lat' dir='ltr'>ne</span> <span class='ocrx_word' id='word_1_519' title='bbox 1135 1106 1186 1132; x_wconf 88' lang='lat' dir='ltr'>est.</span> <span class='ocrx_word' id='word_1_520' title='bbox 1203 1104 1292 1132; x_wconf 87' lang='lat' dir='ltr'>Debet</span> <span class='ocrx_word' id='word_1_521' title='bbox 1303 1104 1392 1140; x_wconf 89' lang='lat' dir='ltr'>igitur</span> <span class='ocrx_word' id='word_1_522' title='bbox 1402 1106 1551 1132; x_wconf 86' lang='lat' dir='ltr'>creaturas</span> <span class='ocrx_word' id='word_1_523' title='bbox 1562 1103 1733 1140; x_wconf 85' lang='lat' dir='ltr'>corporales</span> <span class='ocrx_word' id='word_1_524' title='bbox 1746 1102 1870 1138; x_wconf 87' lang='lat' dir='ltr'>diligen-</span> 
     </span>
     <span class='ocr_line' id='line_1_82' title="bbox 1086 1150 1866 1186; baseline -0.001 -7"><span class='ocrx_word' id='word_1_525' title='bbox 1086 1153 1128 1179; x_wconf 88' lang='lat' dir='ltr'>ter</span> <span class='ocrx_word' id='word_1_526' title='bbox 1143 1151 1343 1186; x_wconf 86' lang='lat' dir='ltr'>considerare,</span> <span class='ocrx_word' id='word_1_527' title='bbox 1361 1152 1388 1179; x_wconf 87' lang='lat' dir='ltr'>et</span> <span class='ocrx_word' id='word_1_528' title='bbox 1403 1159 1439 1179; x_wconf 78' lang='lat' dir='ltr'>ex</span> <span class='ocrx_word' id='word_1_529' title='bbox 1457 1151 1514 1178; x_wconf 87' lang='lat' dir='ltr'>illis</span> <span class='ocrx_word' id='word_1_530' title='bbox 1527 1151 1725 1179; x_wconf 87' lang='lat' dir='ltr'>humilitatem</span> <span class='ocrx_word' id='word_1_531' title='bbox 1738 1150 1866 1178; x_wconf 89' lang='lat' dir='ltr'>haurire.</span> 
     </span>
     <span class='ocr_line' id='line_1_83' title="bbox 1085 1197 1870 1234; baseline -0.001 -8"><span class='ocrx_word' id='word_1_532' title='bbox 1085 1198 1113 1225; x_wconf 90' lang='lat' dir='ltr'>Si</span> <span class='ocrx_word' id='word_1_533' title='bbox 1129 1198 1208 1226; x_wconf 86' lang='lat' dir='ltr'>enim</span> <span class='ocrx_word' id='word_1_534' title='bbox 1224 1198 1392 1226; x_wconf 89' lang='lat' dir='ltr'>consideret</span> <span class='ocrx_word' id='word_1_535' title='bbox 1412 1200 1536 1233; x_wconf 87' lang='lat' dir='ltr'>terram,</span> <span class='ocrx_word' id='word_1_536' title='bbox 1553 1198 1633 1226; x_wconf 91' lang='lat' dir='ltr'>videt</span> <span class='ocrx_word' id='word_1_537' title='bbox 1651 1197 1808 1234; x_wconf 89' lang='lat' dir='ltr'>proprium</span> <span class='ocrx_word' id='word_1_538' title='bbox 1827 1206 1870 1225; x_wconf 91' lang='lat' dir='ltr'>se-</span> 
     </span>
     <span class='ocr_line' id='line_1_84' title="bbox 1085 1245 1870 1282; baseline -0.001 -9"><span class='ocrx_word' id='word_1_539' title='bbox 1085 1245 1223 1281; x_wconf 87' lang='lat' dir='ltr'>pulcrum</span> <span class='ocrx_word' id='word_1_540' title='bbox 1229 1255 1237 1281; x_wconf 74' lang='lat'><em>3</em></span> <span class='ocrx_word' id='word_1_541' title='bbox 1255 1246 1278 1273; x_wconf 92' lang='lat' dir='ltr'>si</span> <span class='ocrx_word' id='word_1_542' title='bbox 1294 1246 1425 1274; x_wconf 84' lang='lat' dir='ltr'>attendat</span> <span class='ocrx_word' id='word_1_543' title='bbox 1438 1246 1538 1281; x_wconf 85' lang='lat' dir='ltr'>ignem</span> <span class='ocrx_word' id='word_1_544' title='bbox 1551 1253 1640 1282; x_wconf 86' lang='lat' dir='ltr'>super</span> <span class='ocrx_word' id='word_1_545' title='bbox 1653 1246 1773 1279; x_wconf 87' lang='lat' dir='ltr'>terram,</span> <span class='ocrx_word' id='word_1_546' title='bbox 1788 1245 1870 1273; x_wconf 86' lang='lat' dir='ltr'>videt</span> 
     </span>
     <span class='ocr_line' id='line_1_85' title="bbox 1085 1292 1869 1329; baseline 0 -10"><span class='ocrx_word' id='word_1_547' title='bbox 1085 1292 1265 1328; x_wconf 88' lang='lat' dir='ltr'>supplicium</span> <span class='ocrx_word' id='word_1_548' title='bbox 1279 1294 1488 1329; x_wconf 81' lang='lat' dir='ltr'>peccatorum3</span> <span class='ocrx_word' id='word_1_549' title='bbox 1509 1292 1533 1319; x_wconf 91' lang='lat' dir='ltr'>si</span> <span class='ocrx_word' id='word_1_550' title='bbox 1555 1292 1722 1320; x_wconf 88' lang='lat' dir='ltr'>consideret</span> <span class='ocrx_word' id='word_1_551' title='bbox 1737 1292 1869 1328; x_wconf 88' lang='lat' dir='ltr'>quadru-</span> 
     </span>
     <span class='ocr_line' id='line_1_86' title="bbox 1084 1338 1870 1375; baseline -0.001 -8"><span class='ocrx_word' id='word_1_552' title='bbox 1084 1339 1185 1375; x_wconf 87' lang='lat' dir='ltr'>pedia,</span> <span class='ocrx_word' id='word_1_553' title='bbox 1200 1339 1282 1368; x_wconf 87' lang='lat' dir='ltr'>videt</span> <span class='ocrx_word' id='word_1_554' title='bbox 1297 1348 1331 1368; x_wconf 85' lang='lat' dir='ltr'>ea</span> <span class='ocrx_word' id='word_1_555' title='bbox 1346 1340 1482 1375; x_wconf 80' lang='lat' dir='ltr'>fortiora3</span> <span class='ocrx_word' id='word_1_556' title='bbox 1495 1339 1519 1367; x_wconf 81' lang='lat' dir='ltr'>si</span> <span class='ocrx_word' id='word_1_557' title='bbox 1529 1339 1674 1374; x_wconf 88' lang='lat' dir='ltr'>volatilia,</span> <span class='ocrx_word' id='word_1_558' title='bbox 1686 1339 1768 1367; x_wconf 83' lang='lat' dir='ltr'>videt</span> <span class='ocrx_word' id='word_1_559' title='bbox 1782 1347 1818 1367; x_wconf 83' lang='lat' dir='ltr'>ea</span> <span class='ocrx_word' id='word_1_560' title='bbox 1829 1338 1870 1367; x_wconf 91' lang='lat' dir='ltr'>le-</span> 
     </span>
     <span class='ocr_line' id='line_1_87' title="bbox 1085 1386 1869 1423; baseline -0.001 -8"><span class='ocrx_word' id='word_1_561' title='bbox 1085 1387 1170 1415; x_wconf 87' lang='lat' dir='ltr'>viora</span> <span class='ocrx_word' id='word_1_562' title='bbox 1179 1388 1206 1415; x_wconf 90' lang='lat' dir='ltr'>et</span> <span class='ocrx_word' id='word_1_563' title='bbox 1222 1387 1348 1423; x_wconf 85' lang='lat' dir='ltr'>agiliora</span> <span class='ocrx_word' id='word_1_564' title='bbox 1355 1397 1362 1423; x_wconf 81' lang='lat'>3</span> <span class='ocrx_word' id='word_1_565' title='bbox 1376 1387 1399 1415; x_wconf 88' lang='lat' dir='ltr'>si</span> <span class='ocrx_word' id='word_1_566' title='bbox 1411 1389 1494 1415; x_wconf 82' lang='lat' dir='ltr'>terrae</span> <span class='ocrx_word' id='word_1_567' title='bbox 1505 1387 1667 1421; x_wconf 85' lang='lat' dir='ltr'>nascentia,</span> <span class='ocrx_word' id='word_1_568' title='bbox 1676 1386 1758 1415; x_wconf 86' lang='lat' dir='ltr'>videt</span> <span class='ocrx_word' id='word_1_569' title='bbox 1766 1386 1869 1414; x_wconf 87' lang='lat' dir='ltr'>melio-</span> 
     </span>
     <span class='ocr_line' id='line_1_88' title="bbox 1085 1434 1870 1471; baseline 0 -9"><span class='ocrx_word' id='word_1_570' title='bbox 1085 1442 1128 1469; x_wconf 89' lang='lat' dir='ltr'>ra,</span> <span class='ocrx_word' id='word_1_571' title='bbox 1142 1434 1217 1462; x_wconf 88' lang='lat' dir='ltr'>sicut</span> <span class='ocrx_word' id='word_1_572' title='bbox 1231 1434 1353 1469; x_wconf 83' lang='lat' dir='ltr'>fructus,</span> <span class='ocrx_word' id='word_1_573' title='bbox 1368 1436 1396 1462; x_wconf 84' lang='lat' dir='ltr'>et</span> <span class='ocrx_word' id='word_1_574' title='bbox 1407 1435 1588 1471; x_wconf 85' lang='lat' dir='ltr'>pulchriora,</span> <span class='ocrx_word' id='word_1_575' title='bbox 1601 1435 1677 1462; x_wconf 90' lang='lat' dir='ltr'>sicut</span> <span class='ocrx_word' id='word_1_576' title='bbox 1686 1434 1784 1462; x_wconf 72' lang='lat' dir='ltr'>flores.</span> <span class='ocrx_word' id='word_1_577' title='bbox 1801 1434 1870 1462; x_wconf 88' lang='lat' dir='ltr'>Ulti-</span> 
     </span>
     <span class='ocr_line' id='line_1_89' title="bbox 1085 1481 1870 1518; baseline 0.001 -10"><span class='ocrx_word' id='word_1_578' title='bbox 1085 1489 1155 1516; x_wconf 90' lang='lat' dir='ltr'>mo,</span> <span class='ocrx_word' id='word_1_579' title='bbox 1174 1481 1198 1509; x_wconf 87' lang='lat' dir='ltr'>si</span> <span class='ocrx_word' id='word_1_580' title='bbox 1220 1482 1386 1509; x_wconf 88' lang='lat' dir='ltr'>consideret</span> <span class='ocrx_word' id='word_1_581' title='bbox 1407 1482 1564 1518; x_wconf 87' lang='lat' dir='ltr'>proprium</span> <span class='ocrx_word' id='word_1_582' title='bbox 1586 1482 1772 1517; x_wconf 88' lang='lat' dir='ltr'>subjectum,</span> <span class='ocrx_word' id='word_1_583' title='bbox 1788 1481 1870 1509; x_wconf 89' lang='lat' dir='ltr'>videt</span> 
     </span>
     <span class='ocr_line' id='line_1_90' title="bbox 1087 1528 1869 1565; baseline 0.001 -10"><span class='ocrx_word' id='word_1_584' title='bbox 1087 1528 1170 1564; x_wconf 85' lang='lat' dir='ltr'>quod</span> <span class='ocrx_word' id='word_1_585' title='bbox 1180 1528 1211 1555; x_wconf 92' lang='lat' dir='ltr'>in</span> <span class='ocrx_word' id='word_1_586' title='bbox 1225 1529 1372 1565; x_wconf 88' lang='lat' dir='ltr'>principio</span> <span class='ocrx_word' id='word_1_587' title='bbox 1386 1531 1428 1557; x_wconf 90' lang='lat' dir='ltr'>est</span> <span class='ocrx_word' id='word_1_588' title='bbox 1438 1537 1539 1557; x_wconf 88' lang='lat' dir='ltr'>semen</span> <span class='ocrx_word' id='word_1_589' title='bbox 1552 1529 1753 1563; x_wconf 84' lang='lat' dir='ltr'>immundum,</span> <span class='ocrx_word' id='word_1_590' title='bbox 1766 1528 1798 1556; x_wconf 89' lang='lat' dir='ltr'>in</span> <span class='ocrx_word' id='word_1_591' title='bbox 1810 1536 1869 1556; x_wconf 85' lang='lat' dir='ltr'>me-</span> 
     </span>
     <span class='ocr_line' id='line_1_91' title="bbox 1086 1575 1870 1611; baseline 0 -8"><span class='ocrx_word' id='word_1_592' title='bbox 1086 1576 1137 1603; x_wconf 88' lang='lat' dir='ltr'>dio</span> <span class='ocrx_word' id='word_1_593' title='bbox 1145 1583 1247 1603; x_wconf 88' lang='lat' dir='ltr'>saccus</span> <span class='ocrx_word' id='word_1_594' title='bbox 1255 1578 1430 1611; x_wconf 87' lang='lat' dir='ltr'>stercorum,</span> <span class='ocrx_word' id='word_1_595' title='bbox 1439 1576 1505 1604; x_wconf 83' lang='lat' dir='ltr'>etin</span> <span class='ocrx_word' id='word_1_596' title='bbox 1513 1576 1571 1603; x_wconf 88' lang='lat' dir='ltr'>fine</span> <span class='ocrx_word' id='word_1_597' title='bbox 1581 1576 1665 1603; x_wconf 88' lang='lat' dir='ltr'>cibus</span> <span class='ocrx_word' id='word_1_598' title='bbox 1673 1575 1829 1610; x_wconf 87' lang='lat' dir='ltr'>vermium,</span> <span class='ocrx_word' id='word_1_599' title='bbox 1837 1576 1870 1603; x_wconf 91' lang='lat' dir='ltr'>ut</span> 
     </span>
     <span class='ocr_line' id='line_1_92' title="bbox 1087 1622 1870 1658; baseline -0.001 -7"><span class='ocrx_word' id='word_1_600' title='bbox 1087 1623 1158 1651; x_wconf 86' lang='lat' dir='ltr'>dicit</span> <span class='ocrx_word' id='word_1_601' title='bbox 1172 1623 1337 1651; x_wconf 87' lang='lat' dir='ltr'>Bernardus</span> <span class='ocrx_word' id='word_1_602' title='bbox 1353 1624 1382 1651; x_wconf 91' lang='lat'>¹⁰.</span> <span class='ocrx_word' id='word_1_603' title='bbox 1399 1625 1431 1651; x_wconf 85' lang='lat' dir='ltr'>Et</span> <span class='ocrx_word' id='word_1_604' title='bbox 1445 1623 1553 1651; x_wconf 88' lang='lat' dir='ltr'>iterum</span> <span class='ocrx_word' id='word_1_605' title='bbox 1568 1622 1637 1651; x_wconf 88' lang='lat' dir='ltr'>vide</span> <span class='ocrx_word' id='word_1_606' title='bbox 1651 1623 1732 1650; x_wconf 88' lang='lat' dir='ltr'>unde</span> <span class='ocrx_word' id='word_1_607' title='bbox 1741 1623 1870 1658; x_wconf 86' lang='lat' dir='ltr'>veneris,</span> 
     </span>
     <span class='ocr_line' id='line_1_93' title="bbox 1087 1670 1873 1706; baseline 0 -8"><span class='ocrx_word' id='word_1_608' title='bbox 1087 1672 1114 1699; x_wconf 91' lang='lat' dir='ltr'>et</span> <span class='ocrx_word' id='word_1_609' title='bbox 1129 1671 1271 1698; x_wconf 88' lang='lat' dir='ltr'>erubesce</span> <span class='ocrx_word' id='word_1_610' title='bbox 1286 1670 1339 1698; x_wconf 88' lang='lat' dir='ltr'>ubi</span> <span class='ocrx_word' id='word_1_611' title='bbox 1355 1678 1385 1698; x_wconf 83' lang='lat' dir='ltr'>cs</span> <span class='ocrx_word' id='word_1_612' title='bbox 1396 1692 1404 1705; x_wconf 94' lang='lat'>,</span> <span class='ocrx_word' id='word_1_613' title='bbox 1426 1672 1453 1698; x_wconf 88' lang='lat' dir='ltr'>et</span> <span class='ocrx_word' id='word_1_614' title='bbox 1468 1670 1629 1705; x_wconf 87' lang='lat' dir='ltr'>ingemisce</span> <span class='ocrx_word' id='word_1_615' title='bbox 1649 1678 1710 1706; x_wconf 86' lang='lat' dir='ltr'>quo</span> <span class='ocrx_word' id='word_1_616' title='bbox 1725 1670 1826 1704; x_wconf 82' lang='lat' dir='ltr'>vadis,</span> <span class='ocrx_word' id='word_1_617' title='bbox 1844 1671 1873 1698; x_wconf 87' lang='lat' dir='ltr'>et</span> 
     </span>
     <span class='ocr_line' id='line_1_94' title="bbox 1087 1717 1871 1753; baseline -0.001 -8"><span class='ocrx_word' id='word_1_618' title='bbox 1087 1718 1291 1746; x_wconf 86' lang='lat' dir='ltr'>contremisce.</span> <span class='ocrx_word' id='word_1_619' title='bbox 1312 1719 1343 1745; x_wconf 87' lang='lat' dir='ltr'>Et</span> <span class='ocrx_word' id='word_1_620' title='bbox 1361 1717 1401 1745; x_wconf 88' lang='lat' dir='ltr'>ita</span> <span class='ocrx_word' id='word_1_621' title='bbox 1415 1726 1484 1745; x_wconf 86' lang='lat' dir='ltr'>cum</span> <span class='ocrx_word' id='word_1_622' title='bbox 1498 1717 1592 1745; x_wconf 90' lang='lat' dir='ltr'>homo</span> <span class='ocrx_word' id='word_1_623' title='bbox 1608 1717 1764 1753; x_wconf 87' lang='lat' dir='ltr'>diligenter</span> <span class='ocrx_word' id='word_1_624' title='bbox 1779 1717 1871 1745; x_wconf 88' lang='lat' dir='ltr'>consi-</span> 
     </span>
     <span class='ocr_line' id='line_1_95' title="bbox 1088 1764 1874 1801; baseline 0 -9"><span class='ocrx_word' id='word_1_625' title='bbox 1088 1765 1172 1793; x_wconf 87' lang='lat' dir='ltr'>derat</span> <span class='ocrx_word' id='word_1_626' title='bbox 1185 1764 1324 1801; x_wconf 89' lang='lat' dir='ltr'>proprias</span> <span class='ocrx_word' id='word_1_627' title='bbox 1342 1764 1469 1793; x_wconf 87' lang='lat' dir='ltr'>vilitates</span> <span class='ocrx_word' id='word_1_628' title='bbox 1478 1786 1487 1800; x_wconf 93' lang='lat'>,</span> <span class='ocrx_word' id='word_1_629' title='bbox 1502 1766 1572 1792; x_wconf 85' lang='lat' dir='ltr'>tunc</span> <span class='ocrx_word' id='word_1_630' title='bbox 1586 1765 1736 1793; x_wconf 87' lang='lat' dir='ltr'>humilitas</span> <span class='ocrx_word' id='word_1_631' title='bbox 1750 1764 1874 1793; x_wconf 88' lang='lat' dir='ltr'>resumit</span> 
     </span>
     <span class='ocr_line' id='line_1_96' title="bbox 1087 1811 1872 1840; baseline -0.001 0"><span class='ocrx_word' id='word_1_632' title='bbox 1087 1812 1174 1840; x_wconf 88' lang='lat' dir='ltr'>vires.</span> <span class='ocrx_word' id='word_1_633' title='bbox 1206 1812 1285 1840; x_wconf 89' lang='lat' dir='ltr'>Sicut</span> <span class='ocrx_word' id='word_1_634' title='bbox 1310 1812 1390 1840; x_wconf 90' lang='lat' dir='ltr'>enim</span> <span class='ocrx_word' id='word_1_635' title='bbox 1411 1820 1531 1840; x_wconf 91' lang='lat' dir='ltr'>muscus</span> <span class='ocrx_word' id='word_1_636' title='bbox 1551 1812 1582 1839; x_wconf 90' lang='lat' dir='ltr'>in</span> <span class='ocrx_word' id='word_1_637' title='bbox 1609 1811 1682 1840; x_wconf 91' lang='lat' dir='ltr'>locis</span> <span class='ocrx_word' id='word_1_638' title='bbox 1704 1811 1872 1840; x_wconf 80' lang='lat' dir='ltr'>foetentibus</span> 
     </span>
     <span class='ocr_line' id='line_1_97' title="bbox 1087 1858 1873 1896; baseline -0.001 -9"><span class='ocrx_word' id='word_1_639' title='bbox 1087 1861 1243 1896; x_wconf 87' lang='lat' dir='ltr'>recuperat</span> <span class='ocrx_word' id='word_1_640' title='bbox 1271 1859 1397 1887; x_wconf 87' lang='lat' dir='ltr'>odorem</span> <span class='ocrx_word' id='word_1_641' title='bbox 1408 1880 1418 1894; x_wconf 86' lang='lat'>,</span> <span class='ocrx_word' id='word_1_642' title='bbox 1445 1859 1487 1887; x_wconf 87' lang='lat' dir='ltr'>sic</span> <span class='ocrx_word' id='word_1_643' title='bbox 1516 1859 1667 1887; x_wconf 87' lang='lat' dir='ltr'>humilitas</span> <span class='ocrx_word' id='word_1_644' title='bbox 1694 1858 1873 1895; x_wconf 86' lang='lat' dir='ltr'>fragrantior</span> 
     </span>
     <span class='ocr_line' id='line_1_98' title="bbox 1088 1905 1873 1943; baseline -0.001 -9"><span class='ocrx_word' id='word_1_645' title='bbox 1088 1906 1230 1942; x_wconf 84' lang='lat' dir='ltr'>efficitur,</span> <span class='ocrx_word' id='word_1_646' title='bbox 1254 1915 1323 1934; x_wconf 91' lang='lat' dir='ltr'>cum</span> <span class='ocrx_word' id='word_1_647' title='bbox 1343 1907 1410 1943; x_wconf 86' lang='lat' dir='ltr'>quis</span> <span class='ocrx_word' id='word_1_648' title='bbox 1434 1906 1602 1935; x_wconf 85' lang='lat' dir='ltr'>considerat</span> <span class='ocrx_word' id='word_1_649' title='bbox 1624 1907 1778 1943; x_wconf 88' lang='lat' dir='ltr'>propriam</span> <span class='ocrx_word' id='word_1_650' title='bbox 1797 1905 1873 1934; x_wconf 87' lang='lat' dir='ltr'>utili-</span> 
     </span>
     <span class='ocr_line' id='line_1_99' title="bbox 1087 1953 1873 1989; baseline -0.001 -7"><span class='ocrx_word' id='word_1_651' title='bbox 1087 1955 1187 1982; x_wconf 83' lang='lat' dir='ltr'>tatem.</span> <span class='ocrx_word' id='word_1_652' title='bbox 1210 1956 1242 1982; x_wconf 92' lang='lat' dir='ltr'>Et</span> <span class='ocrx_word' id='word_1_653' title='bbox 1260 1954 1329 1982; x_wconf 88' lang='lat' dir='ltr'>idco</span> <span class='ocrx_word' id='word_1_654' title='bbox 1344 1954 1461 1982; x_wconf 82' lang='lat' dir='ltr'>dicebat</span> <span class='ocrx_word' id='word_1_655' title='bbox 1474 1954 1625 1982; x_wconf 83' lang='lat' dir='ltr'>Abraham</span> <span class='ocrx_word' id='word_1_656' title='bbox 1641 1953 1659 1970; x_wconf 90' lang='lat'>¹¹</span> <span class='ocrx_word' id='word_1_657' title='bbox 1677 1963 1683 1982; x_wconf 75' lang='lat' dir='ltr'><strong><em>z</em></strong></span> <span class='ocrx_word' id='word_1_658' title='bbox 1710 1954 1818 1989; x_wconf 82' lang='lat' dir='ltr'>Loquar</span> <span class='ocrx_word' id='word_1_659' title='bbox 1836 1953 1873 1981; x_wconf 80' lang='lat' dir='ltr'>ad</span> 
     </span>
     <span class='ocr_line' id='line_1_100' title="bbox 1089 2002 1720 2036; baseline -0.002 -7"><span class='ocrx_word' id='word_1_660' title='bbox 1089 2003 1230 2029; x_wconf 77' lang='lat' dir='ltr'>Dominum</span> <span class='ocrx_word' id='word_1_661' title='bbox 1242 2010 1340 2036; x_wconf 80' lang='lat' dir='ltr'>meum,</span> <span class='ocrx_word' id='word_1_662' title='bbox 1357 2010 1414 2029; x_wconf 76' lang='lat' dir='ltr'>cum</span> <span class='ocrx_word' id='word_1_663' title='bbox 1426 2003 1476 2029; x_wconf 88' lang='lat' dir='ltr'>sim</span> <span class='ocrx_word' id='word_1_664' title='bbox 1484 2003 1574 2036; x_wconf 79' lang='lat' dir='ltr'>pulvis</span> <span class='ocrx_word' id='word_1_665' title='bbox 1591 2003 1615 2028; x_wconf 83' lang='lat' dir='ltr'>ct</span> <span class='ocrx_word' id='word_1_666' title='bbox 1628 2002 1695 2028; x_wconf 79' lang='lat' dir='ltr'>cinis</span> <span class='ocrx_word' id='word_1_667' title='bbox 1706 2002 1720 2027; x_wconf 84' lang='lat'><em>?</em></span> 
     </span>
    </p>

    <p class='ocr_par' dir='ltr' id='par_1_11' title="bbox 1087 2047 1874 2600">
     <span class='ocr_line' id='line_1_101' title="bbox 1123 2047 1872 2082; baseline 0 -6"><span class='ocrx_word' id='word_1_668' title='bbox 1123 2048 1259 2076; x_wconf 89' lang='lat' dir='ltr'>Secunda</span> <span class='ocrx_word' id='word_1_669' title='bbox 1282 2056 1371 2076; x_wconf 85' lang='lat' dir='ltr'>causa</span> <span class='ocrx_word' id='word_1_670' title='bbox 1394 2048 1587 2082; x_wconf 78' lang='lat' dir='ltr'>humilitatis,</span> <span class='ocrx_word' id='word_1_671' title='bbox 1610 2050 1652 2075; x_wconf 89' lang='lat' dir='ltr'>est</span> <span class='ocrx_word' id='word_1_672' title='bbox 1675 2047 1872 2076; x_wconf 87' lang='lat' dir='ltr'>consideratio</span> 
     </span>
     <span class='ocr_line' id='line_1_102' title="bbox 1088 2094 1874 2129; baseline 0 -7"><span class='ocrx_word' id='word_1_673' title='bbox 1088 2097 1179 2123; x_wconf 86' lang='lat' dir='ltr'>status</span> <span class='ocrx_word' id='word_1_674' title='bbox 1200 2094 1356 2123; x_wconf 64' lang='lat' dir='ltr'>interioris</span> <span class='ocrx_word' id='word_1_675' title='bbox 1383 2095 1482 2123; x_wconf 91' lang='lat' dir='ltr'>Omnis</span> <span class='ocrx_word' id='word_1_676' title='bbox 1499 2096 1599 2122; x_wconf 84' lang='lat' dir='ltr'>autem</span> <span class='ocrx_word' id='word_1_677' title='bbox 1617 2094 1709 2123; x_wconf 92' lang='lat' dir='ltr'>homo</span> <span class='ocrx_word' id='word_1_678' title='bbox 1721 2115 1730 2129; x_wconf 94' lang='lat'>,</span> <span class='ocrx_word' id='word_1_679' title='bbox 1748 2096 1798 2122; x_wconf 87' lang='lat' dir='ltr'>aut</span> <span class='ocrx_word' id='word_1_680' title='bbox 1819 2095 1874 2123; x_wconf 88' lang='lat' dir='ltr'>scit</span> 
     </span>
     <span class='ocr_line' id='line_1_103' title="bbox 1088 2141 1873 2178; baseline 0.001 -9"><span class='ocrx_word' id='word_1_681' title='bbox 1088 2150 1119 2170; x_wconf 90' lang='lat' dir='ltr'>se</span> <span class='ocrx_word' id='word_1_682' title='bbox 1135 2150 1197 2170; x_wconf 85' lang='lat' dir='ltr'>esse</span> <span class='ocrx_word' id='word_1_683' title='bbox 1212 2144 1411 2178; x_wconf 85' lang='lat' dir='ltr'>peccatorem,</span> <span class='ocrx_word' id='word_1_684' title='bbox 1427 2144 1478 2170; x_wconf 85' lang='lat' dir='ltr'>aut</span> <span class='ocrx_word' id='word_1_685' title='bbox 1489 2142 1603 2177; x_wconf 82' lang='lat' dir='ltr'>justum</span> <span class='ocrx_word' id='word_1_686' title='bbox 1619 2150 1625 2169; x_wconf 76' lang='grc' dir='ltr'><strong><em>ε</em></strong></span> <span class='ocrx_word' id='word_1_687' title='bbox 1642 2141 1665 2169; x_wconf 89' lang='lat' dir='ltr'>si</span> <span class='ocrx_word' id='word_1_688' title='bbox 1680 2141 1752 2169; x_wconf 88' lang='lat' dir='ltr'>sciat</span> <span class='ocrx_word' id='word_1_689' title='bbox 1764 2150 1794 2170; x_wconf 90' lang='lat' dir='ltr'>se</span> <span class='ocrx_word' id='word_1_690' title='bbox 1810 2149 1873 2170; x_wconf 87' lang='lat' dir='ltr'>esse</span> 
     </span>
     <span class='ocr_line' id='line_1_104' title="bbox 1087 2188 1873 2226; baseline 0 -10"><span class='ocrx_word' id='word_1_691' title='bbox 1087 2190 1276 2224; x_wconf 85' lang='lat' dir='ltr'>peccatorem</span> <span class='ocrx_word' id='word_1_692' title='bbox 1289 2211 1296 2221; x_wconf 90' lang='lat'><em>‚</em></span> <span class='ocrx_word' id='word_1_693' title='bbox 1324 2189 1453 2216; x_wconf 88' lang='lat' dir='ltr'>multum</span> <span class='ocrx_word' id='word_1_694' title='bbox 1483 2188 1573 2216; x_wconf 86' lang='lat' dir='ltr'>debet</span> <span class='ocrx_word' id='word_1_695' title='bbox 1602 2188 1770 2224; x_wconf 88' lang='lat' dir='ltr'>humiliari,</span> <span class='ocrx_word' id='word_1_696' title='bbox 1802 2189 1873 2226; x_wconf 87' lang='lat' dir='ltr'>quia</span> 
     </span>
     <span class='ocr_line' id='line_1_105' title="bbox 1089 2235 1870 2272; baseline 0 -8"><span class='ocrx_word' id='word_1_697' title='bbox 1089 2238 1234 2272; x_wconf 86' lang='lat' dir='ltr'>quantum</span> <span class='ocrx_word' id='word_1_698' title='bbox 1249 2236 1289 2264; x_wconf 90' lang='lat' dir='ltr'>ad</span> <span class='ocrx_word' id='word_1_699' title='bbox 1303 2236 1360 2264; x_wconf 90' lang='lat' dir='ltr'>hoc</span> <span class='ocrx_word' id='word_1_700' title='bbox 1376 2235 1504 2264; x_wconf 86' lang='lat' dir='ltr'>deterior</span> <span class='ocrx_word' id='word_1_701' title='bbox 1520 2238 1562 2264; x_wconf 85' lang='lat' dir='ltr'>est</span> <span class='ocrx_word' id='word_1_702' title='bbox 1576 2244 1650 2264; x_wconf 88' lang='lat' dir='ltr'>cane</span> <span class='ocrx_word' id='word_1_703' title='bbox 1671 2236 1721 2264; x_wconf 90' lang='lat' dir='ltr'>vel</span> <span class='ocrx_word' id='word_1_704' title='bbox 1738 2236 1851 2264; x_wconf 89' lang='lat' dir='ltr'>bufone</span> <span class='ocrx_word' id='word_1_705' title='bbox 1864 2246 1870 2264; x_wconf 93' lang='lat'>:</span> 
     </span>
     <span class='ocr_line' id='line_1_106' title="bbox 1089 2283 1872 2319; baseline 0 -8"><span class='ocrx_word' id='word_1_706' title='bbox 1089 2283 1160 2319; x_wconf 82' lang='lat' dir='ltr'>quia</span> <span class='ocrx_word' id='word_1_707' title='bbox 1175 2284 1313 2319; x_wconf 85' lang='lat' dir='ltr'>peccator</span> <span class='ocrx_word' id='word_1_708' title='bbox 1327 2284 1370 2311; x_wconf 88' lang='lat' dir='ltr'>cst</span> <span class='ocrx_word' id='word_1_709' title='bbox 1387 2283 1505 2311; x_wconf 87' lang='lat' dir='ltr'>debitor</span> <span class='ocrx_word' id='word_1_710' title='bbox 1523 2283 1695 2319; x_wconf 84' lang='lat' dir='ltr'>temporalis</span> <span class='ocrx_word' id='word_1_711' title='bbox 1711 2285 1738 2311; x_wconf 89' lang='lat' dir='ltr'>et</span> <span class='ocrx_word' id='word_1_712' title='bbox 1756 2285 1872 2311; x_wconf 76' lang='lat' dir='ltr'>aeternae</span> 
     </span>
     <span class='ocr_line' id='line_1_107' title="bbox 1089 2330 1871 2366; baseline -0.001 -8"><span class='ocrx_word' id='word_1_713' title='bbox 1089 2330 1212 2366; x_wconf 82' lang='lat' dir='ltr'>mortis;</span> <span class='ocrx_word' id='word_1_714' title='bbox 1229 2330 1281 2358; x_wconf 84' lang='lat' dir='ltr'>illa</span> <span class='ocrx_word' id='word_1_715' title='bbox 1294 2338 1366 2358; x_wconf 85' lang='lat' dir='ltr'>vcro</span> <span class='ocrx_word' id='word_1_716' title='bbox 1386 2330 1485 2358; x_wconf 88' lang='lat' dir='ltr'>solum</span> <span class='ocrx_word' id='word_1_717' title='bbox 1505 2330 1687 2366; x_wconf 84' lang='lat' dir='ltr'>temporalis.</span> <span class='ocrx_word' id='word_1_718' title='bbox 1713 2332 1746 2358; x_wconf 85' lang='lat' dir='ltr'>Et</span> <span class='ocrx_word' id='word_1_719' title='bbox 1759 2330 1790 2358; x_wconf 89' lang='lat' dir='ltr'>in</span> <span class='ocrx_word' id='word_1_720' title='bbox 1813 2330 1871 2358; x_wconf 90' lang='lat' dir='ltr'>illis</span> 
     </span>
     <span class='ocr_line' id='line_1_108' title="bbox 1089 2377 1870 2413; baseline 0 -9"><span class='ocrx_word' id='word_1_721' title='bbox 1089 2377 1188 2406; x_wconf 90' lang='lat' dir='ltr'>solum</span> <span class='ocrx_word' id='word_1_722' title='bbox 1205 2379 1248 2405; x_wconf 89' lang='lat' dir='ltr'>est</span> <span class='ocrx_word' id='word_1_723' title='bbox 1262 2377 1381 2405; x_wconf 83' lang='lat' dir='ltr'>miseria</span> <span class='ocrx_word' id='word_1_724' title='bbox 1396 2385 1510 2413; x_wconf 74' lang='lat' dir='ltr'>poenae5</span> <span class='ocrx_word' id='word_1_725' title='bbox 1532 2377 1563 2405; x_wconf 88' lang='lat' dir='ltr'>in</span> <span class='ocrx_word' id='word_1_726' title='bbox 1578 2377 1783 2413; x_wconf 85' lang='lat' dir='ltr'>peccatoribus</span> <span class='ocrx_word' id='word_1_727' title='bbox 1798 2385 1870 2404; x_wconf 88' lang='lat' dir='ltr'>vero</span> 
     </span>
     <span class='ocr_line' id='line_1_109' title="bbox 1089 2424 1869 2461; baseline -0.003 -8"><span class='ocrx_word' id='word_1_728' title='bbox 1089 2433 1185 2461; x_wconf 85' lang='lat' dir='ltr'>poenae</span> <span class='ocrx_word' id='word_1_729' title='bbox 1201 2428 1228 2453; x_wconf 89' lang='lat' dir='ltr'>et</span> <span class='ocrx_word' id='word_1_730' title='bbox 1243 2425 1350 2461; x_wconf 79' lang='lat' dir='ltr'>culpae;</span> <span class='ocrx_word' id='word_1_731' title='bbox 1370 2427 1396 2453; x_wconf 84' lang='lat' dir='ltr'>et</span> <span class='ocrx_word' id='word_1_732' title='bbox 1411 2425 1442 2453; x_wconf 91' lang='lat' dir='ltr'>in</span> <span class='ocrx_word' id='word_1_733' title='bbox 1457 2425 1514 2453; x_wconf 89' lang='lat' dir='ltr'>hoc</span> <span class='ocrx_word' id='word_1_734' title='bbox 1529 2427 1596 2453; x_wconf 89' lang='lat' dir='ltr'>sunt</span> <span class='ocrx_word' id='word_1_735' title='bbox 1608 2425 1718 2452; x_wconf 91' lang='lat' dir='ltr'>similes</span> <span class='ocrx_word' id='word_1_736' title='bbox 1735 2424 1869 2452; x_wconf 80' lang='lat' dir='ltr'>diabolo.</span> 
     </span>
     <span class='ocr_line' id='line_1_110' title="bbox 1089 2471 1871 2508; baseline -0.003 -8"><span class='ocrx_word' id='word_1_737' title='bbox 1089 2472 1116 2500; x_wconf 88' lang='lat' dir='ltr'>Si</span> <span class='ocrx_word' id='word_1_738' title='bbox 1145 2474 1244 2500; x_wconf 85' lang='lat' dir='ltr'>autem</span> <span class='ocrx_word' id='word_1_739' title='bbox 1271 2472 1357 2500; x_wconf 75' lang='lat' dir='ltr'>fuerit</span> <span class='ocrx_word' id='word_1_740' title='bbox 1384 2474 1523 2508; x_wconf 87' lang='lat' dir='ltr'>peccator</span> <span class='ocrx_word' id='word_1_741' title='bbox 1553 2472 1717 2508; x_wconf 85' lang='lat' dir='ltr'>aliquando</span> <span class='ocrx_word' id='word_1_742' title='bbox 1736 2493 1744 2506; x_wconf 75' lang='grc'>,</span> <span class='ocrx_word' id='word_1_743' title='bbox 1779 2471 1871 2499; x_wconf 89' lang='lat' dir='ltr'>nescit</span> 
     </span>
     <span class='ocr_line' id='line_1_111' title="bbox 1090 2518 1870 2555; baseline -0.003 -8"><span class='ocrx_word' id='word_1_744' title='bbox 1090 2521 1189 2547; x_wconf 89' lang='lat' dir='ltr'>utrum</span> <span class='ocrx_word' id='word_1_745' title='bbox 1201 2519 1377 2555; x_wconf 86' lang='lat' dir='ltr'>justificatus</span> <span class='ocrx_word' id='word_1_746' title='bbox 1393 2521 1435 2547; x_wconf 87' lang='lat' dir='ltr'>est</span> <span class='ocrx_word' id='word_1_747' title='bbox 1450 2527 1467 2547; x_wconf 91' lang='lat' dir='ltr'>a</span> <span class='ocrx_word' id='word_1_748' title='bbox 1482 2521 1615 2555; x_wconf 85' lang='lat' dir='ltr'>peccato,</span> <span class='ocrx_word' id='word_1_749' title='bbox 1633 2519 1703 2554; x_wconf 88' lang='lat' dir='ltr'>quia</span> <span class='ocrx_word' id='word_1_750' title='bbox 1719 2518 1824 2545; x_wconf 90' lang='lat' dir='ltr'>dicitur</span> <span class='ocrx_word' id='word_1_751' title='bbox 1839 2518 1870 2545; x_wconf 91' lang='lat' dir='ltr'>in</span> 
     </span>
     <span class='ocr_line' id='line_1_112' title="bbox 1089 2565 1869 2600; baseline -0.003 -6"><span class='ocrx_word' id='word_1_752' title='bbox 1089 2567 1247 2594; x_wconf 66' lang='lat' dir='ltr'>Ecclesiaste</span> <span class='ocrx_word' id='word_1_753' title='bbox 1264 2566 1284 2582; x_wconf 70' lang='lat'>¹²</span> <span class='ocrx_word' id='word_1_754' title='bbox 1300 2576 1305 2594; x_wconf 92' lang='lat'>:</span> <span class='ocrx_word' id='word_1_755' title='bbox 1325 2567 1418 2595; x_wconf 80' lang='lat' dir='ltr'>Nescit</span> <span class='ocrx_word' id='word_1_756' title='bbox 1433 2567 1508 2593; x_wconf 87' lang='lat' dir='ltr'>homo</span> <span class='ocrx_word' id='word_1_757' title='bbox 1522 2569 1614 2593; x_wconf 80' lang='lat' dir='ltr'>utrum</span> <span class='ocrx_word' id='word_1_758' title='bbox 1629 2573 1733 2600; x_wconf 78' lang='lat' dir='ltr'>amore,</span> <span class='ocrx_word' id='word_1_759' title='bbox 1751 2573 1786 2592; x_wconf 76' lang='lat' dir='ltr'>au</span> <span class='ocrx_word' id='word_1_760' title='bbox 1808 2565 1869 2593; x_wconf 81' lang='lat' dir='ltr'>odio</span> 
     </span>
    </p>
   </div>
   <div class='ocr_carea' id='block_1_7' title="bbox 1089 2677 1868 2746">
    <p class='ocr_par' dir='ltr' id='par_1_12' title="bbox 1089 2677 1868 2746">
     <span class='ocr_line' id='line_1_113' title="bbox 1089 2677 1868 2710; baseline -0.003 -8"><span class='ocrx_word' id='word_1_761' title='bbox 1089 2679 1098 2695; x_wconf 54' lang='grc' dir='ltr'>Β</span> <span class='ocrx_word' id='word_1_762' title='bbox 1116 2680 1146 2703; x_wconf 84' lang='lat' dir='ltr'>tv</span> <span class='ocrx_word' id='word_1_763' title='bbox 1163 2680 1231 2710; x_wconf 59' lang='lat' dir='ltr'>my..</span> <span class='ocrx_word' id='word_1_764' title='bbox 1248 2684 1325 2709; x_wconf 68' lang='lat' dir='ltr'>xmx,</span> <span class='ocrx_word' id='word_1_765' title='bbox 1345 2681 1381 2703; x_wconf 68' lang='lat' dir='ltr'>li.</span> <span class='ocrx_word' id='word_1_766' title='bbox 1400 2692 1430 2696; x_wconf 97' lang='lat'><em>-</em></span> <span class='ocrx_word' id='word_1_767' title='bbox 1450 2679 1468 2693; x_wconf 77' lang='lat'>&#39;⁰</span> <span class='ocrx_word' id='word_1_768' title='bbox 1487 2679 1574 2708; x_wconf 63' lang='lat' dir='ltr'>Rern„</span> <span class='ocrx_word' id='word_1_769' title='bbox 1593 2677 1691 2707; x_wconf 53' lang='lat' dir='ltr'>Media,</span> <span class='ocrx_word' id='word_1_770' title='bbox 1710 2685 1734 2702; x_wconf 91' lang='lat' dir='ltr'>c.</span> <span class='ocrx_word' id='word_1_771' title='bbox 1755 2683 1796 2707; x_wconf 66' lang='lat' dir='ltr'>lx,</span> <span class='ocrx_word' id='word_1_772' title='bbox 1809 2680 1868 2701; x_wconf 79' lang='lat' dir='ltr'>ante</span> 
     </span>
     <span class='ocr_line' id='line_1_114' title="bbox 1090 2714 1727 2746; baseline 0 -7"><span class='ocrx_word' id='word_1_773' title='bbox 1090 2715 1157 2739; x_wconf 84' lang='lat' dir='ltr'>med.</span> <span class='ocrx_word' id='word_1_774' title='bbox 1170 2729 1200 2733; x_wconf 97' lang='lat'><strong>—</strong></span> <span class='ocrx_word' id='word_1_775' title='bbox 1212 2716 1228 2731; x_wconf 83' lang='lat'>¹¹</span> <span class='ocrx_word' id='word_1_776' title='bbox 1242 2715 1312 2742; x_wconf 69' lang='lat' dir='ltr'>Gen„</span> <span class='ocrx_word' id='word_1_777' title='bbox 1329 2721 1406 2746; x_wconf 79' lang='lat' dir='ltr'>xvm,</span> <span class='ocrx_word' id='word_1_778' title='bbox 1419 2715 1535 2739; x_wconf 63' lang='grc'>27.--12</span> <span class='ocrx_word' id='word_1_779' title='bbox 1547 2714 1727 2745; x_wconf 69' lang='lat' dir='ltr'>Eccle.,1X,i.</span> 
     </span>
    </p>
   </div>
   <div class='ocr_carea' id='block_1_8' title="bbox 1883 684 1990 925">
    <p class='ocr_par' dir='ltr' id='par_1_13' title="bbox 1883 684 1990 925">
     <span class='ocr_line' id='line_1_115' title="bbox 1909 684 1988 706; baseline 0.013 -1"><span class='ocrx_word' id='word_1_780' title='bbox 1909 684 1988 706; x_wconf 71' lang='lat' dir='ltr'>Causae</span> 
     </span>
     <span class='ocr_line' id='line_1_116' title="bbox 1889 715 1989 742; baseline 0.02 -7"><span class='ocrx_word' id='word_1_781' title='bbox 1889 715 1989 742; x_wconf 80' lang='lat' dir='ltr'>quinque</span> 
     </span>
     <span class='ocr_line' id='line_1_117' title="bbox 1883 748 1988 773; baseline 0.01 -6"><span class='ocrx_word' id='word_1_782' title='bbox 1883 753 1932 773; x_wconf 67' lang='lat' dir='ltr'>quae</span> <span class='ocrx_word' id='word_1_783' title='bbox 1947 748 1988 768; x_wconf 87' lang='lat' dir='ltr'>ho-</span> 
     </span>
     <span class='ocr_line' id='line_1_118' title="bbox 1897 778 1980 799; baseline 0.012 -1"><span class='ocrx_word' id='word_1_784' title='bbox 1897 778 1980 799; x_wconf 87' lang='lat' dir='ltr'>minem</span> 
     </span>
     <span class='ocr_line' id='line_1_119' title="bbox 1883 810 1990 831; baseline 0.009 -1"><span class='ocrx_word' id='word_1_785' title='bbox 1883 810 1910 830; x_wconf 86' lang='lat' dir='ltr'>ad</span> <span class='ocrx_word' id='word_1_786' title='bbox 1921 816 1944 831; x_wconf 77' lang='lat' dir='ltr'>se</span> <span class='ocrx_word' id='word_1_787' title='bbox 1950 810 1990 831; x_wconf 85' lang='lat' dir='ltr'>hu-</span> 
     </span>
     <span class='ocr_line' id='line_1_120' title="bbox 1892 841 1979 862; baseline 0.011 -1"><span class='ocrx_word' id='word_1_788' title='bbox 1892 841 1979 862; x_wconf 68' lang='lat' dir='ltr'>milian-</span> 
     </span>
     <span class='ocr_line' id='line_1_121' title="bbox 1883 872 1989 893; baseline 0 0"><span class='ocrx_word' id='word_1_789' title='bbox 1883 872 1936 893; x_wconf 77' lang='lat' dir='ltr'>dum</span> <span class='ocrx_word' id='word_1_790' title='bbox 1954 872 1989 893; x_wconf 78' lang='lat' dir='ltr'>in-</span> 
     </span>
     <span class='ocr_line' id='line_1_122' title="bbox 1883 904 1958 925; baseline 0.013 -1"><span class='ocrx_word' id='word_1_791' title='bbox 1883 904 1958 925; x_wconf 75' lang='lat' dir='ltr'>citant.</span> 
     </span>
    </p>
   </div>
  </div>
 </body>
</html>
