2004 3037
671 176 759 208 CAP.
782 176 835 208 111.
862 175 1084 208 PARTICULA
1108 176 1161 207 Ill.
1687 177 1724 205 37

108 246 165 275 sibi
185 245 383 283 multiplicet,
400 249 428 275 et
449 245 580 274 maxime
605 244 682 272 circa
707 244 775 280 tria,
792 252 887 272 unum

107 293 292 330 praecipuum
307 295 335 321 et
347 292 524 329 praeclarum
535 313 544 327 ,
558 293 585 320 et
600 291 661 320 duo
677 291 736 319 alia
750 291 888 326 adjacen-

107 340 147 368 tia
162 339 339 368 comitentur
355 349 362 367 ι
378 339 542 376 principale
556 338 592 366 sit
612 337 803 366 devotissima
819 346 887 366 ora·

107 387 147 415 tio
159 408 168 422 ,
183 388 211 415 et
225 386 387 415 castissima
406 386 523 414 affectio
533 407 541 420 ‚
557 393 618 422 qua
639 393 749 421 sponso
764 387 887 422 propter

107 434 238 470 seipsum
249 433 328 461 uniri
342 433 502 461 desiderat.

143 481 200 509 Sed
218 481 258 509 ad
275 480 333 508 hoc
347 479 479 516 primum
496 479 679 516 principium
695 479 826 507 maxime
840 479 886 506 in-

107 527 283 564 cipientibus
297 527 333 555 sit
348 526 487 562 cogitatio
503 526 541 554 de
559 526 696 562 passione
717 525 885 560 Dominica,

107 574 261 610 quomodo
277 595 285 610 ,
309 582 365 610 pro
388 574 515 610 peccatis
538 573 647 601 nostris
670 572 812 600 radicitus
836 580 886 600 ex-

106 620 250 657 tirpandis
259 642 267 656 ‚
291 623 352 649 Rex
375 620 523 656 gloriosus
548 620 679 656 seipsum
703 619 810 647 obtulit
823 641 831 654 ,
855 620 885 646 in

106 669 220 696 tantum
234 675 290 703 pro
311 667 400 695 nobis
415 669 472 695 Deo
489 666 564 694 Patri
579 666 723 694 obediens
733 688 742 701 ,
759 668 791 694 ut
805 674 886 694 mor-

106 716 133 742 te
143 714 348 742 crudelissima
355 714 558 748 damnaretur,
569 713 610 741 ita
619 714 652 740 ut
661 721 679 741 a
687 713 791 749 planta
799 713 885 750 pedis

105 769 200 798 usque
216 761 255 789 ad
277 760 417 789 verticem
435 769 497 788 non
518 760 605 788 tuerit
623 760 655 788 in
670 768 705 788 eo
721 760 841 795 sanitas,
858 762 886 788 et

106 816 167 836 non
182 810 257 836 esset
270 816 354 843 parS,
371 816 437 843 quae
452 815 514 835 non
528 808 673 842 sanguine
688 807 885 835 sacratissimo

105 863 240 891 respersa
257 854 404 882 universis
424 854 633 890 aspicientibus
649 856 813 890 appareret.

141 902 223 930 Unde
238 901 377 937 cogitatio
391 901 428 929 de
443 909 531 929 carne
544 903 586 929 est
601 901 640 929 ad
654 901 886 936 ingrediendum

105 948 144 976 ad
152 948 335 976 divinitatem
342 948 452 976 amoris
462 948 494 984 (a)
503 948 624 976 interius
633 947 773 975 latitantis
778 948 884 983 janua3

105 994 177 1023 etin
192 994 310 1030 signum
331 994 430 1028 illius,
452 994 529 1022 latus
550 1002 639 1022 suum
654 994 885 1022 sacratissimum

103 1041 180 1069 ferro
196 1042 306 1069 lanceae
320 1041 428 1077 aperiri
448 1041 560 1074 voluit,
576 1043 609 1068 ut
632 1041 669 1078 (b)
685 1049 747 1069 non
762 1041 816 1069 nisi
831 1049 885 1077 per

103 1088 209 1125 plagas
225 1088 304 1116 illius
318 1096 402 1115 mens
417 1088 448 1115 in
468 1087 629 1116 divinitatis
643 1088 753 1116 intimis
768 1088 883 1116 radice-

103 1137 168 1171 tur3
186 1135 276 1172 quia,
292 1135 458 1163 secundum
472 1135 556 1171 quod
572 1135 679 1163 dicitur
701 1135 791 1170 alibi,
807 1135 885 1170 cogi-

104 1183 174 1211 tatio
190 1182 226 1210 de
240 1182 396 1218 passione,
420 1184 448 1209 et
462 1182 582 1209 refectio
597 1182 628 1209 in
643 1182 749 1209 eadem
761 1203 769 1216 ,
786 1182 884 1217 digni-

104 1229 154 1257 tati
165 1229 270 1257 animae
281 1237 344 1256 non
352 1228 470 1262 sufficit,
485 1228 537 1256 sed
550 1228 649 1256 solum
658 1228 708 1256 ille
719 1229 771 1264 qui
787 1229 883 1256 carnis

103 1275 252 1304 velamine
276 1275 407 1311 seipsum
422 1275 460 1303 ab
475 1275 614 1303 humanis
629 1276 796 1312 aspectibus
815 1276 883 1303 abs-

103 1321 261 1350 condebat.
275 1322 345 1350 ldeo
360 1322 479 1350 divinus
494 1322 651 1357 Apostolus
664 1322 807 1350 admonet
821 1330 885 1350 om-

103 1377 172 1397 nem
187 1369 317 1396 animam
326 1377 415 1404 super
425 1377 455 1396 se
471 1377 648 1404 consurgere
664 1369 845 1405 aspirantem
856 1376 861 1391 ¹
874 1378 881 1397 ε

106 1416 227 1450 Christo,
249 1415 358 1451 inquit,
374 1417 452 1442 semel
475 1417 598 1443 incarne
612 1424 705 1449 passo,
729 1418 753 1443 ct
772 1424 818 1443 vos
838 1425 884 1443 ea-

105 1463 165 1490 dem
179 1464 342 1497 cogitatione
355 1463 503 1488 armamini
515 1472 522 1488 :
536 1461 607 1497 quia
620 1463 681 1496 J'am
697 1463 825 1489 multum
841 1462 885 1489 di-

103 1509 217 1536 vinitati
231 1507 408 1536 beatissimae
423 1508 664 1544 appropinquat,
681 1508 733 1544 qui
746 1508 884 1535 humani-

105 1555 154 1584 tati
169 1555 226 1591 ipsi
239 1554 328 1582 unitae
339 1576 348 1588 ,
372 1562 426 1590 per
443 1555 683 1590 compassionem
697 1555 884 1583 imitatricem

102 1602 245 1638 passionis
256 1623 264 1636 ,
287 1601 496 1637 pertractando
517 1604 577 1628 tam
592 1602 722 1637 pretiosa
737 1602 863 1629 vulnera
874 1623 884 1636 ,

103 1649 224 1676 interius
247 1648 450 1676 conformatur
473 1657 479 1675 :
508 1648 590 1683 quod
606 1650 675 1675 tunc
697 1649 759 1676 sine
781 1648 883 1684 aliquo

103 1695 264 1723 retinaculo
280 1695 494 1730 cogitationum
509 1695 546 1722 de
563 1695 659 1722 carnis
674 1695 812 1730 passione
827 1703 883 1731 po-

104 1742 169 1769 terit
183 1741 343 1774 dimittere,
360 1741 431 1776 quia
443 1741 506 1776 jam
520 1741 612 1768 finem
626 1742 656 1768 in
670 1744 754 1777 parte
770 1750 884 1770 assecu-

104 1791 166 1823 tus,
182 1788 280 1816 solum
295 1788 325 1815 in
340 1788 404 1823 ipso
420 1788 552 1816 intimius
568 1788 718 1817 desiderat
732 1789 860 1817 radicari
873 1811 882 1824 ,

103 1843 158 1871 pro
177 1835 261 1870 cujus
277 1835 399 1862 obtentu
415 1835 452 1862 de
468 1834 563 1870 plagis
589 1836 714 1873 ostiariis
734 1836 884 1870 cogitabat

105 1881 180 1909 illud
195 1881 325 1909 exercitii
339 1881 520 1917 principium
535 1882 672 1918 speciale.

140 1928 276 1963 Sequitur
290 1928 327 1955 de
348 1928 434 1955 tertio
455 1928 670 1964 subsequente,
690 1929 800 1956 scilicet
823 1937 883 1964 quo

105 1982 166 2001 non
180 1974 334 2002 modicum
350 1974 483 2002 divinam
498 1975 749 2010 misericordiam,
765 1976 827 2003 sive
842 1984 885 2002 re-

105 2020 301 2055 spectionem,
319 2021 590 2048 misericordialiter
611 2022 806 2057 provocabit,
827 2022 884 2049 hoc

106 2070 148 2095 est
164 2067 292 2095 aliorum
306 2070 497 2103 peccatorum
512 2068 716 2102 expositorum
731 2068 883 2101 hostibus,

106 2115 136 2142 in
150 2114 277 2150 peccatis
292 2114 550 2148 obdormitorum,
572 2114 602 2140 in
623 2113 758 2147 faecibus,
779 2114 810 2141 iu
834 2114 885 2141 de-

106 2161 179 2189 lictis
201 2161 235 2197 (c)
256 2162 444 2188 mortuorum
468 2160 646 2195 compassio.
668 2162 699 2187 ln
723 2160 780 2187 hoc
805 2160 884 2187 enim

107 2207 338 2243 apparetfilialis
354 2209 381 2234 et
393 2215 533 2234 amorosa
544 2207 673 2241 dilectio,
690 2207 811 2242 quando
828 2207 885 2233 illis

107 2253 326 2289 compatiendo,
340 2253 391 2289 qui
405 2253 445 2280 ad
459 2253 547 2280 Patris
562 2254 606 2280 sui
621 2253 782 2288 imaginem
797 2253 884 2280 creati

107 2302 192 2334 sunt,
209 2302 241 2327 ut
255 2300 340 2327 illum
362 2300 510 2327 imitantes
525 2300 555 2326 in
575 2300 634 2327 vita
650 2302 773 2334 regnent
793 2300 885 2327 sancti

107 2347 138 2374 in
153 2347 267 2382 gloria,
290 2347 390 2374 videat
404 2346 445 2373 sic
459 2346 666 2374 miserabiliter
686 2346 760 2374 alios
776 2347 886 2374 lacera-

109 2396 153 2421 tos
164 2414 173 2427 ,
188 2396 216 2421 et
230 2393 304 2421 alios
319 2393 360 2420 sic
378 2395 538 2420 excaecatos
552 2395 762 2428 recognoscat,
784 2395 815 2420 ut
836 2393 886 2420 vix

109 2440 214 2467 unicus
226 2462 232 2471 ,
249 2439 378 2467 maxime
392 2439 429 2466 de
445 2439 569 2473 adultis,
585 2440 659 2467 inter
672 2442 791 2467 centum
807 2440 886 2466 inve-

111 2486 165 2513 niri
181 2486 276 2513 valeat
288 2508 295 2520 ,
320 2485 371 2521 qui
387 2485 470 2512 illum
491 2485 592 2513 videre
608 2485 637 2512 in
654 2486 750 2520 gloria
772 2494 885 2513 merea-

145 2558 148 2568 ¹
167 2556 316 2585 1Petr.,1v,
336 2558 356 2579 1.
375 2569 401 2572 —
422 2555 430 2568 ³
446 2555 464 2578 11
483 2555 560 2584 Petu,
578 2561 598 2584 1,
620 2557 654 2578 12.
671 2569 700 2573 —
715 2556 725 2571 ³
741 2556 885 2585 Jow1.‚x11,

144 2595 174 2624 (a)
192 2596 246 2626 Leq.
263 2595 402 2619 divinitatis
416 2601 540 2618 amorem.
558 2608 588 2611 —
607 2594 638 2624 (b)
656 2596 717 2619 Cret.
733 2596 793 2619 edet.
808 2598 841 2620 et.
856 2609 886 2613 -

115 2631 143 2659 tc)
161 2631 220 2654 Item
236 2630 339 2654 deliciis.

942 245 989 272 tur
1004 245 1025 278 ²,
1042 245 1071 271 in
1091 252 1170 279 quem
1185 243 1339 271 desiderant
1354 243 1446 277 angeli
1464 243 1635 278 prospicere,
1655 250 1725 270 cum

942 290 998 318 sibi
1013 290 1090 318 illud
1105 290 1256 318 decretum
1269 289 1543 325 obstupescendum
1558 289 1685 317 ediderit
1695 290 1722 316 ³:

943 338 997 371 Qui
1008 338 1076 364 mz'lu'
1085 339 1237 371 nitriistrat,
1251 344 1292 363 mc
1304 339 1445 371 sequatur,
1459 335 1530 371 quia
1541 335 1723 372 quicumque

941 385 1045 412 vivens
1060 384 1152 412 homo
1172 383 1311 411 sedulum
1335 382 1511 410 famulatum
1533 382 1722 418 praestiterit,

941 431 1003 459 sive
1019 431 1166 458 Altissimo
1180 431 1210 457 in
1223 429 1320 461 bonis,
1331 429 1393 456 sive
1404 429 1527 457 diabolo
1539 429 1568 457 in
1582 429 1723 465 peccatis,

941 481 969 506 et
979 479 1057 513 Justo
1075 478 1122 505 Dei
1136 477 1249 513 judicio
1261 478 1328 513 post
1342 484 1491 504 recessum
1506 476 1612 504 animae
1628 485 1645 504 a
1659 484 1722 504 cor-

940 533 1013 561 pore
1027 546 1035 559 ,
1051 525 1130 552 illius
1152 523 1306 559 gloriosis,
1322 523 1369 550 vel
1388 522 1610 550 miserabilibus
1625 522 1721 559 agmi-

940 571 1029 598 nibus
1045 571 1256 606 conjungetur,
1269 571 1353 605 cujus
1367 569 1548 605 complebat,
1559 569 1632 596 dum
1642 569 1723 597 vive-

938 620 992 651 ret,
1003 618 1195 645 voluntatem.
1208 617 1235 645 Si
1246 625 1318 652 ergo
1329 616 1473 644 materiali
1485 615 1587 651 gladio
1602 615 1723 643 videam

940 665 1072 701 aliquem
1097 664 1292 700 corporaliter
1309 663 1461 699 jugulari,
1482 663 1531 690 vel
1557 662 1722 698 perforari,

940 711 988 739 vel
1014 712 1228 747 cujuscumque
1252 710 1471 746 potentioribus
1486 709 1615 745 pedibus
1630 709 1722 737 suffo-

942 758 1021 792 cari,
1036 758 1164 786 naturali
1175 758 1281 785 affectu
1297 757 1422 784 miseriae
1436 756 1529 792 ipsius
1544 756 1722 792 compatior.

975 805 1132 838 Quomodo
1149 812 1221 839 ergo
1236 812 1320 832 mens
1336 812 1367 831 se
1383 803 1461 831 dicat
1481 805 1596 831 Patrem
1619 810 1720 830 amare

939 852 1132 880 rationalium
1151 851 1308 887 spirituum
1319 871 1327 884 ,
1349 859 1416 878 cum
1431 851 1473 878 tot
1489 850 1567 878 filios
1583 858 1637 877 sua
1653 849 1724 877 insi-

939 898 1036 932 gnitos
1047 898 1176 933 imagine
1186 898 1287 925 videat
1300 897 1575 925 crudelissimorum
1589 897 1721 924 hostium

940 945 1068 981 pedibus
1082 944 1238 976 suffocari,
1253 946 1280 971 et
1294 944 1366 972 illuc
1381 952 1432 971 eos
1446 943 1655 977 introducere,
1670 942 1723 970 ubi

940 1000 1043 1020 omnes
1058 994 1145 1027 guttae
1160 999 1308 1028 aquarum
1328 993 1356 1019 et
1375 991 1448 1018 folia
1472 991 1616 1019 arborum
1635 990 1722 1018 cltius

939 1041 1017 1066 certo
1033 1047 1158 1066 numero
1180 1038 1386 1072 redderentur,
1409 1045 1501 1074 quam
1517 1037 1658 1064 desistant
1678 1037 1720 1064 la-

939 1085 1138 1113 mentabiliter
1152 1085 1339 1121 proclamare
1352 1084 1403 1111 illa
1417 1084 1510 1112 verba
1521 1105 1529 1118 ,
1544 1092 1610 1119 quae
1625 1084 1721 1111 Domi-

939 1140 994 1160 nus
1005 1132 1061 1159 sibi
1076 1140 1129 1167 per
1142 1132 1213 1166 Job,
1226 1132 1325 1159 virum
1340 1131 1477 1158 divinum
1488 1151 1496 1164 ‚
1507 1129 1719 1166 praedixerat&

940 1180 1035 1206 Pereat
1052 1179 1108 1205 dies
1126 1180 1156 1205 in
1170 1187 1224 1213 qua
1244 1180 1325 1205 uatus
1338 1185 1413 1212 sum,
1434 1179 1458 1204 et
1474 1185 1527 1204 nom
1542 1179 1572 1203 in
1593 1185 1647 1211 qua
1663 1177 1721 1203 dic-

941 1228 997 1252 tum
1012 1228 1050 1252 est
1068 1234 1074 1251 :
1092 1224 1240 1260 Conceptus
1262 1227 1301 1252 est
1325 1225 1409 1251 homo.
1434 1226 1466 1251 Et
1489 1226 1594 1260 postea
1617 1223 1722 1251 imme-

940 1273 1019 1300 diate
1031 1282 1037 1300 ε
1052 1273 1105 1300 Cur
1119 1274 1244 1306 eaeceptus
1256 1272 1379 1306 genibus,
1393 1279 1440 1298 cur
1455 1273 1570 1298 lactatus
1586 1271 1720 1302 uberibus,

940 1328 987 1347 cur
1003 1327 1122 1354 egressus
1137 1318 1169 1346 de
1183 1321 1259 1345 utero
1274 1326 1327 1345 ηοη
1342 1319 1438 1345 statim
1454 1319 1529 1352 perii
1538 1319 1551 1345 ?
1566 1317 1722 1344 Rationem

939 1366 1027 1401 hujus
1041 1365 1083 1392 rei
1096 1364 1246 1401 duplicem
1258 1364 1357 1392 reddit
1367 1364 1424 1391 sibi
1436 1363 1552 1391 divinus
1564 1363 1719 1398 Propheta.

976 1413 1071 1440 Prima
1087 1412 1141 1439 erit
1156 1420 1192 1439 ex
1207 1411 1336 1439 mirabili
1359 1411 1491 1438 cruciatu
1502 1432 1510 1445 ,
1529 1411 1560 1438 in
1575 1418 1635 1446 quo
1652 1418 1718 1437 cor-

940 1468 995 1495 pus
1011 1461 1039 1486 et
1054 1459 1168 1493 anima,
1186 1458 1321 1494 quandiu
1336 1459 1408 1485 Deus
1424 1458 1478 1485 erit
1492 1457 1523 1484 in
1545 1457 1654 1492 gloria,
1678 1457 1722 1484 in-

940 1506 1029 1533 simul
1044 1505 1215 1541 punientur,
1233 1505 1304 1540 quia
1318 1505 1427 1540 pariter
1439 1504 1638 1539 deliquerunt.
1651 1503 1722 1530 Dicit

940 1553 1028 1581 Isaias
1043 1554 1052 1569 ⁵
1070 1562 1076 1580 ε
1096 1554 1201 1580 Vermis
1218 1560 1307 1578 eorum
1322 1559 1374 1578 non
1395 1553 1534 1584 morietur,
1551 1553 1576 1578 et
1591 1552 1663 1584 z‘qnz's
1679 1558 1721 1577 eo-

939 1608 999 1626 rum
1014 1608 1066 1627 non
1084 1600 1259 1633 emtinquetur
1274 1607 1282 1624 .·
1299 1598 1371 1633 quia
1386 1597 1495 1625 vermis
1511 1599 1553 1624 est
1572 1605 1722 1624 remorsus

941 1646 1141 1679 conscientiae,
1157 1653 1218 1681 quo
1233 1653 1354 1680 poenam
1365 1644 1478 1672 doloris
1492 1643 1660 1671 sensibilem
1670 1665 1678 1677 ,
1695 1645 1723 1671 et

940 1701 1061 1729 poenam
1085 1692 1188 1719 damni
1208 1692 1358 1719 incurrere
1380 1691 1489 1718 meruit
1508 1690 1539 1717 in
1560 1693 1721 1724 aeternum,

941 1740 1045 1768 dolens
1061 1740 1097 1768 de
1119 1739 1294 1775 perpetratis
1308 1739 1339 1766 in
1354 1739 1461 1766 saeculo
1472 1759 1482 1772 ,
1501 1747 1568 1774 quae
1583 1739 1646 1773 jam
1660 1746 1722 1766 non

939 1790 1077 1823 prosunt,
1099 1787 1152 1814 sed
1178 1787 1367 1821 singulariter
1393 1786 1532 1813 dolorem
1556 1785 1721 1818 incutiunt,

940 1834 1106 1862 secundum
1128 1833 1211 1869 quod
1235 1833 1272 1860 de
1295 1833 1404 1860 talibus
1428 1833 1568 1860 Dominus
1589 1832 1620 1860 in
1643 1832 1720 1860 libro

940 1880 1093 1917 Sapientiae
1117 1881 1305 1916 protestatur,
1327 1887 1395 1906 cum
1416 1879 1456 1906 ait
1476 1881 1485 1895 ⁶
1509 1889 1515 1907 :
1548 1879 1620 1911 Quid-
1646 1880 1720 1906 nobis

938 1929 1046 1962 profuit
1061 1928 1205 1962 superbia?
1217 1928 1270 1953 etc.
1287 1926 1344 1953 Sed
1354 1928 1381 1953 et
1391 1933 1513 1962 poenam
1525 1925 1627 1952 damni
1643 1933 1721 1953 com-

940 1974 1064 2001 minatur
1079 1973 1241 2001 Altissimus
1257 1980 1310 2008 per
1331 1972 1436 1999 lsaiam
1459 1971 1654 2007 prophetam,
1678 1971 1722 1998 di-

941 2021 1090 2048 centem⁷:
1110 2021 1232 2046 Tollatur
1245 2021 1362 2053 impius,
1378 2027 1410 2045 ne
1420 2019 1511 2045 videat
1527 2019 1644 2052 gloriam
1659 2019 1718 2044 Dei.

941 2069 972 2094 Et
986 2067 1062 2093 bene
1077 2066 1176 2101 ipsum
1192 2067 1279 2092 vocat
1293 2066 1426 2099 z'mpimn,
1443 2065 1514 2099 quia
1537 2064 1619 2091 solus
1636 2072 1721 2091 amor

940 2115 1069 2140 montem
1082 2112 1113 2138 in
1126 2111 1248 2147 propria
1258 2111 1365 2146 pietate
1378 2110 1447 2137 facit
1456 2112 1548 2137 vitam
1561 2110 1719 2144 deducere,

941 2168 1002 2196 quo
1022 2167 1110 2186 verus
1134 2158 1229 2185 cultus
1253 2157 1382 2185 Creatori
1405 2157 1528 2193 proprio
1554 2157 1718 2185 exhibetur.

941 2208 1034 2241 Digno
1056 2213 1126 2240 ergo
1142 2205 1192 2233 Dei
1213 2204 1327 2239 judicio
1352 2212 1370 2231 a
1394 2203 1563 2231 beatissima
1582 2203 1720 2231 fruitione

941 2254 1020 2281 illius
1034 2251 1202 2288 separando
1217 2251 1340 2284 tollitur,
1357 2250 1419 2286 qui,
1436 2249 1509 2277 dum
1523 2250 1595 2277 vixit
1609 2251 1639 2277 in
1656 2258 1719 2277 cor-

941 2308 1032 2335 pore,
1044 2307 1105 2326 non
1121 2307 1151 2325 se
1167 2298 1207 2325 sic
1222 2297 1420 2333 praeparando
1436 2297 1596 2332 disposuit,
1612 2299 1645 2324 ut
1664 2297 1718 2324 bo-

942 2347 1024 2374 nitati
1042 2346 1177 2373 increatae
1200 2344 1309 2372 amoris
1333 2343 1454 2370 vinculo
1479 2343 1718 2378 conjungeretur.

941 2395 1019 2420 Tunc
1035 2392 1113 2419 enim
1129 2399 1196 2419 vere
1212 2391 1332 2425 tollitur,
1350 2389 1473 2425 quando
1489 2390 1619 2417 moriens
1632 2390 1664 2416 in
1680 2392 1720 2416 te·
1762 2426 1765 2428 Ι

942 2438 1042 2467 nebris
1065 2447 1082 2465 a
1106 2437 1183 2465 felici
1203 2437 1317 2464 visione
1343 2436 1450 2463 divinae
1474 2435 1718 2472 pulchritudinis,

942 2486 1068 2522 peccatis
1083 2484 1143 2511 suis
1157 2483 1354 2518 exigentibus,
1370 2485 1532 2518 separatur.
1547 2484 1579 2509 Et
1597 2482 1653 2508 hoc
1666 2483 1718 2513 est,

943 2532 1026 2568 quod
1041 2532 1172 2567 sequitur
1189 2540 1194 2557 :
1211 2531 1251 2558 Ne
1272 2530 1363 2557 videat
1385 2531 1501 2564 qlorc‘am
1517 2531 1573 2556 Dei.
1590 2528 1644 2561 Qui
1660 2528 1720 2555 vita

945 2596 983 2619 26.
999 2608 1029 2612 —
1044 2593 1116 2623 Uol),
1131 2599 1170 2621 111,
1183 2593 1356 2623 3‚1i,.12.—
1371 2593 1380 2609 ⁵
1392 2592 1449 2618 ssa,
1464 2593 1616 2621 Lxx-1,ei.-—
1628 2591 1637 2607 θ
1649 2591 1719 2622 Sap.y

945 2637 971 2660 v,
986 2631 1007 2654 S.
1021 2643 1050 2646 —
1068 2628 1075 2644 ⁷
1090 2629 1150 2657 κω,
1167 2627 1374 2657 xxV1‚10,juxta
1393 2628 1463 2650 Lxx.
