2004 3037
486 239 535 271 DE
558 235 911 270 SACRAMENTORUM
930 235 1117 268 VIRTUTE.
1141 236 1226 269 CAP.
1253 237 1387 270 xxxtlt.

130 307 261 337 succedit
294 306 460 336 successiva
488 304 683 344 praeparatum
721 304 780 333 alio
815 303 908 333 modo

129 356 226 392 potest
240 355 349 392 accipi,
365 356 396 383 ut
410 354 488 382 dieat
502 351 693 382 solummodo
713 352 910 380 mutationem

130 402 192 430 sine
208 404 291 430 motu
308 411 314 430 :
338 403 366 430 et
388 402 445 430 hoe
468 400 560 428 modo
583 399 616 428 fit
633 399 804 435 justificatio
821 399 850 427 in
865 399 909 427 in-

131 449 235 483 stanti,
258 451 286 478 et
307 449 364 477 hoc
379 447 483 484 triplici
503 446 616 475 ratione
633 455 639 474 :
655 446 752 482 prima
763 467 771 481 ,
792 445 864 482 quia
878 445 911 473 fit

131 496 237 524 virtute
252 495 367 524 infinita
382 497 409 523 et
422 494 559 530 simplici,
571 501 637 530 quoe
651 493 822 521 immediate
838 500 911 528 ope-

131 545 229 578 ratur3
246 542 375 571 secunda
390 543 441 576 est,
454 541 524 578 quia
534 541 567 568 fit
580 541 612 568 in
623 541 757 576 subjecto
772 539 910 576 simplici,

132 589 240 618 scilieet
263 589 293 617 in
313 591 429 624 mente;
445 588 529 616 tertia
552 589 613 623 est,
629 588 700 624 quia
716 587 780 624 ipsa
795 586 891 614 forma
902 607 911 620 ,

132 638 192 664 tam
206 644 273 673 quae
289 635 459 672 expellitur,
475 635 584 663 scilieet
603 634 691 670 culpa
701 655 710 670 ,
732 642 824 670 quam
846 641 912 669 quae

132 683 337 718 introducitur,
367 683 477 710 seilicet
499 682 603 718 gratia,
635 681 759 710 omnino
785 680 912 716 simplex

132 732 183 758 est.
207 729 252 758 Ad
276 729 352 757 illud
376 729 459 766 quod
485 729 555 757 dicit
579 729 757 764 Augustinus
783 728 807 762 ¹,
829 727 912 763 quod

131 776 228 812 majus
255 777 297 804 est
321 776 481 812 justificare
516 775 642 812 impium
655 797 663 810 ,
692 783 784 811 quam
812 781 912 802 creare

132 823 241 851 coelum
256 825 283 851 et
298 825 417 857 terram,
429 822 591 851 dicendum
606 824 648 850 est
663 821 747 858 quod
759 821 855 856 majus
870 821 912 848 est

133 871 277 906 quantum
292 870 332 897 ad
352 869 383 897 id
407 869 490 906 quod
512 869 561 903 fit,
577 868 647 905 quia
661 867 767 896 melius
788 869 844 899 est,
861 866 914 895 sed

132 925 194 945 non
208 916 310 953 quoad
328 917 455 944 modum
473 915 610 944 faciendi.
628 915 768 949 Quamvis
789 915 867 942 enim
883 914 914 942 in

131 964 338 1000 justificatione
354 963 438 1000 impii
454 963 490 991 sit
500 963 664 991 resistentia
678 962 821 996 formalis,
835 961 914 990 seili-

134 1013 178 1039 cet
198 1010 336 1038 contrarii
351 1010 390 1038 ad
404 1010 585 1038 eontrarium
596 1031 605 1044 ,
620 1017 682 1037 non
700 1011 800 1037 tamen
816 1011 857 1036 est
872 1009 914 1036 ihi

133 1057 295 1086 resistentia
314 1065 375 1093 qua
399 1056 515 1092 aliquid
535 1057 649 1084 resistat
666 1055 783 1091 agenti,
808 1056 916 1084 scilicet

134 1104 204 1137 Deo,
220 1103 304 1138 eujus
318 1103 419 1130 virtuti
433 1103 508 1130 nihil
522 1103 655 1131 resistere
666 1105 772 1139 potest.
789 1105 821 1131 ln
833 1103 916 1138 justi-

133 1150 270 1178 ficatione
285 1150 365 1178 enim
379 1150 464 1186 impii
479 1150 594 1186 aliquid
609 1153 651 1177 est
666 1158 700 1177 ex
715 1151 798 1185 parte
814 1149 875 1183 Dei,
889 1151 916 1177 et

135 1197 250 1233 aliquid
269 1205 304 1224 ex
317 1200 399 1233 parte
413 1197 576 1233 peccatoris
587 1219 595 1232 ,
612 1199 639 1225 et
653 1197 768 1233 aliquid
783 1205 819 1224 ex
833 1198 915 1232 parte

134 1244 279 1272 Eeclesiae.
296 1246 335 1271 Ex
349 1246 431 1280 parte
447 1243 495 1271 Dei
510 1245 577 1271 sunt
590 1244 662 1279 duo,
678 1243 789 1271 seilicet
802 1243 916 1271 miseri-

136 1290 257 1326 cordia,
274 1299 340 1327 quae
354 1293 469 1319 reatum
490 1291 638 1326 indulget;
657 1293 685 1319 et
705 1291 816 1326 justitia
827 1312 835 1325 ,
851 1299 917 1326 quae

136 1338 295 1366 emendam
310 1337 526 1374 aliquantulam
552 1338 659 1373 exigit,
675 1338 724 1365 vel
743 1337 806 1372 hic,
822 1337 871 1365 vel
887 1337 917 1364 in

135 1384 251 1419 futuro,
267 1385 375 1412 seilicet
389 1385 420 1412 in
434 1385 607 1421 purgatorio
624 1394 631 1412 :
656 1385 718 1412 hoec
735 1385 918 1419 significatur

136 1439 189 1467 per
209 1431 297 1459 binos
319 1431 480 1467 discipulos
494 1430 518 1465 ²,
542 1440 618 1467 quos
638 1433 714 1458 misit
738 1433 867 1458 Dominus
889 1433 918 1457 τη

138 1486 238 1505 omnem
259 1479 342 1506 locum
354 1499 360 1511 ‚
380 1486 431 1513 quo
447 1481 505 1505 crat
524 1480 582 1513 ipse
601 1481 747 1511 venturus‚·
765 1480 833 1505 tune
849 1477 919 1513 qui-

138 1523 208 1552 dem
233 1524 437 1561 corporaliter,
460 1533 539 1552 nunc
564 1527 661 1552 autem
679 1532 732 1560 per
747 1524 872 1559 gratiam
892 1526 920 1552 et

139 1572 337 1609 spiritualiter.
368 1574 409 1600 Ex
436 1574 519 1608 parte
546 1572 710 1608 peccatoris
740 1574 807 1600 suut
831 1572 919 1600 etiam

139 1620 216 1654 duo,
242 1620 352 1648 seilicet
375 1628 477 1653 amor,
499 1621 526 1648 et
547 1620 635 1648 dolor
653 1629 658 1647 :
685 1622 713 1647 et
726 1620 755 1647 hi
772 1622 839 1647 sunt
854 1620 920 1647 duce

139 1667 226 1695 molae
242 1667 351 1703 quibus
365 1668 520 1703 peccatum
541 1667 717 1700 conteritur,
735 1675 801 1702 quae
816 1674 920 1694 seeun-

140 1713 213 1741 dum
231 1713 328 1748 legem
351 1714 361 1730 ³
381 1721 443 1741 non
467 1713 577 1741 debent
598 1713 721 1741 diabolo
746 1714 776 1740 in
795 1713 920 1749 pignore

140 1760 278 1795 obligari.
293 1762 334 1787 Ex
348 1762 432 1796 parte
447 1760 581 1788 Ecclesiae
603 1760 737 1788 similiter
752 1763 819 1788 sunt
834 1760 895 1788 duo
913 1770 919 1788 :

139 1806 270 1843 primum
294 1809 336 1834 est
353 1808 502 1842 meritum,
527 1807 676 1843 praecipue
697 1807 810 1842 Christi,
837 1807 921 1843 quod

140 1857 181 1882 cst
205 1854 430 1889 inexhausibile,
455 1856 482 1882 et
501 1854 630 1882 aliorum
656 1857 844 1889 sauctorum,
869 1856 921 1891 qui

140 1900 270 1928 fecerunt
300 1909 392 1936 opera
420 1901 514 1929 multa
542 1902 826 1938 supererogationis,
855 1910 922 1938 quae

142 1947 243 1974 omnia
262 1947 317 1974 sub
339 1949 482 1983 potestate
509 1948 638 1976 clavium
663 1951 730 1976 sunt
753 1949 865 1984 posita,
890 1951 922 1976 ut

143 1993 335 2029 quodminus
350 1996 392 2021 est
407 1994 437 2021 in
449 2003 509 2022 uno
522 1995 657 2022 membro
672 1996 824 2030 Ecclesiae,
840 2004 921 2023 com-

141 2042 281 2077 pensetur
296 2041 327 2068 in
343 2041 400 2068 alio
419 2050 424 2068 :
441 2041 520 2068 unde
538 2041 561 2068 si
576 2041 683 2077 aliquis
695 2050 756 2069 non
771 2045 813 2070 est
826 2051 922 2069 mem-

142 2088 231 2116 brum
253 2088 397 2122 Ecclesiae,
418 2096 480 2115 non
504 2087 600 2115 influit
621 2087 651 2115 in
671 2088 769 2124 ipsum
784 2089 923 2116 meritum

142 2135 332 2170 praedietum3
358 2135 522 2162 secundum
546 2136 588 2162 est
613 2134 808 2170 indulgentia,
832 2143 923 2170 quam

143 2181 194 2209 dat
208 2181 335 2210 Ecclesia
358 2190 412 2217 per
431 2183 541 2218 Papam
565 2183 592 2209 et
615 2181 771 2218 episcopos
795 2190 801 2209 τ
824 2183 923 2209 tamen

142 2230 174 2256 ut
198 2228 262 2264 ipsa
286 2228 471 2264 indulgentia
496 2230 610 2256 tantum
636 2228 748 2263 valeat,
777 2230 922 2264 quantum

142 2275 337 2311 promittitur,
353 2274 479 2310 exigitur
499 2275 656 2303 auctoritas
679 2277 706 2302 et
725 2283 830 2308 eausa,
845 2275 922 2302 seili-

143 2323 188 2349 cet
203 2321 369 2349 eommunis
384 2321 491 2349 utilitas
515 2330 550 2349 ex
566 2323 648 2358 parte
664 2322 781 2357 dantis;
797 2322 923 2357 exigitur

143 2369 230 2396 etiam
244 2369 319 2396 fides
333 2368 460 2396 formata
475 2370 502 2396 et
517 2369 687 2396 obedientia
702 2377 737 2396 ex
749 2371 831 2405 parte
847 2369 922 2396 reci-

143 2415 267 2450 pientis,
288 2416 345 2444 hoe
369 2417 427 2449 est,
453 2417 485 2443 ut
513 2415 609 2443 solvat
637 2416 667 2443 id
691 2417 812 2453 propter
840 2416 923 2451 quod

146 2461 241 2490 datur.

372 2514 514 2548 CAPUT
538 2514 693 2547 XXXIII.

334 2589 368 2616 De
392 2590 553 2616 Paenitentia
578 2589 734 2616 venialium.

181 2654 352 2684 Poenitentia
375 2658 417 2683 est
440 2656 608 2684 remedium
629 2656 793 2684 institutum
811 2656 850 2685 ad
872 2665 922 2684 ex<

146 2702 290 2739 piandum
304 2705 458 2739 peccatum
473 2724 482 2738 ,
506 2703 553 2731 cui
577 2703 702 2731 debetur
719 2711 809 2740 poena
831 2704 923 2731 sensi-

1686 238 1745 268 223

966 303 1035 332 bilis
1051 313 1058 332 ε
1075 311 1142 340 quae
1163 312 1231 333 cum
1255 305 1400 334 debeatur
1423 307 1545 342 peceato
1568 312 1631 334 non
1647 304 1746 333 solum

968 351 1104 386 mortali,
1121 352 1175 380 sed
1190 352 1279 381 etiam
1293 353 1422 386 veniali,
1441 354 1522 390 patet
1545 353 1629 390 quod
1649 351 1747 388 poeni-

968 398 1058 426 tentia
1086 400 1129 427 est
1155 399 1323 428 remedium
1345 401 1447 428 contra
1471 402 1651 436 utrumque,
1676 398 1748 436 quia

968 454 1030 473 non
1045 447 1088 473 est
1103 446 1274 483 simpliciter
1289 447 1326 475 de
1340 447 1508 475 venialibus
1519 469 1526 482 ,
1549 447 1601 475 sed
1615 447 1652 475 de
1667 454 1747 474 mor-

969 493 1092 529 talibus,
1109 494 1180 530 quia
1198 494 1371 530 poenitentia
1392 494 1560 522 introducta
1583 496 1625 522 est
1645 493 1685 522 ad
1703 501 1748 521 re-

969 539 1190 568 conciliandum
1205 540 1382 576 amicitiam,
1400 548 1490 577 quam
1509 540 1633 568 mortale
1647 547 1749 576 pecca-

969 589 1032 615 tum
1051 586 1134 615 tollit.
1162 587 1239 615 Licet
1260 587 1350 622 igitur
1371 587 1543 624 poenitentia
1566 595 1628 615 non
1651 586 1688 614 sit
1711 586 1748 613 de

968 633 1138 661 venialibus
1154 633 1340 670 simpliciter,
1356 636 1456 662 tamen
1471 636 1514 662 est
1525 643 1579 671 per
1591 633 1728 662 accidens
1741 654 1749 666 ‚

970 682 998 708 et
1011 680 1069 708 hoc
1087 683 1129 709 est
1143 681 1238 708 tribus
1253 681 1352 709 modis
1367 690 1374 708 :
1391 681 1505 717 primo,
1519 681 1633 709 ratione
1647 680 1749 714 dubii,

969 729 1002 755 ut
1016 727 1138 764 quando
1163 728 1323 756 creduntur
1347 736 1410 756 esse
1424 728 1581 763 mortalia,
1598 727 1729 756 secundo
1742 748 1750 760 ,

969 776 1084 803 ratione
1099 776 1215 810 statuti,
1233 778 1264 804 ut
1279 776 1401 812 quando
1425 776 1517 804 homo
1530 798 1537 810 ,
1561 775 1612 812 qui
1637 776 1752 803 tenetur

971 822 1105 850 confiteri
1120 823 1213 850 semel
1223 823 1254 850 in
1264 831 1355 858 anno,
1369 823 1530 851 nonhabet
1540 822 1596 850 nisi
1607 822 1750 856 venialia3

970 869 1070 904 tertio,
1087 869 1201 897 ratione
1217 870 1357 906 periculi,
1376 872 1407 897 ut
1425 870 1547 906 quando
1562 869 1687 897 venialis
1702 868 1753 896 de-

970 915 1087 944 lectatio
1103 917 1142 944 ad
1161 916 1218 944 hoc
1233 917 1380 953 producta
1401 919 1459 952 est,
1476 916 1559 952 quod
1582 915 1638 943 nisi
1661 915 1752 943 homo

971 971 1002 991 se
1018 965 1130 991 avertat
1144 963 1182 991 ab
1199 971 1251 997 ea,
1266 963 1355 991 trahit
1370 964 1400 991 in
1415 963 1550 991 mortale.

1009 1011 1047 1037 De
1068 1010 1242 1038 remissione
1263 1012 1361 1038 autem
1383 1010 1508 1038 venialis
1531 1010 1644 1046 peccati
1659 1009 1754 1037 scien-

973 1057 1062 1091 dum,
1079 1057 1162 1093 quod
1177 1057 1207 1085 in
1229 1057 1348 1085 duobus
1363 1058 1482 1085 casibus
1501 1065 1564 1085 non
1585 1057 1751 1085 remittitur.

972 1104 1086 1131 Primus
1101 1106 1159 1138 est,
1175 1104 1198 1132 si
1214 1104 1280 1132 talis
1301 1105 1410 1132 habeat
1429 1106 1584 1140 peccatum
1605 1103 1729 1131 mortale
1746 1112 1753 1130 t

973 1150 1117 1187 quoniam
1132 1151 1194 1179 sine
1213 1151 1333 1179 mortali
1353 1159 1510 1187 nunquam
1534 1151 1689 1178 dimittitur
1707 1158 1755 1178 ve<

972 1199 1051 1226 niale
1062 1208 1069 1233 3
1082 1198 1149 1226 licet
1160 1207 1174 1226 e
1191 1206 1334 1226 converso
1350 1198 1444 1234 possit
1458 1198 1533 1232 fieri,
1544 1197 1656 1225 seilicet
1671 1197 1755 1233 quod

973 1245 1099 1273 mortale
1116 1243 1278 1273 dimittatur
1293 1245 1356 1273 sine
1368 1245 1489 1272 veniali.
1506 1246 1579 1273 Cum
1594 1244 1674 1272 enim
1689 1252 1756 1280 pec·

976 1295 1074 1320 catum
1088 1293 1213 1320 mortale
1229 1293 1313 1321 tollat
1332 1293 1520 1327 charitatem,
1538 1301 1604 1328 quae
1618 1292 1756 1320 universa

975 1339 1081 1367 delicta
1102 1340 1215 1376 operit;
1239 1342 1352 1368 constat
1376 1340 1460 1376 quod
1484 1339 1618 1368 existenti
1637 1339 1668 1366 in
1686 1347 1756 1375 pee-

975 1389 1040 1414 oato
1055 1387 1173 1414 mortali
1189 1387 1307 1414 nullum
1328 1387 1444 1414 veniale
1464 1387 1631 1414 remittitur.
1648 1387 1756 1413 Secun-

976 1434 1031 1461 dus
1047 1435 1104 1468 est,
1121 1434 1243 1469 quando
1259 1434 1397 1461 voluntas
1412 1434 1472 1461 fixa
1491 1435 1591 1461 manet
1605 1433 1635 1460 in
1650 1432 1757 1460 affectu

976 1481 1101 1515 alicujus
1114 1481 1227 1517 peccati
1246 1480 1369 1508 venialis
1388 1481 1595 1515 determinati,
1612 1480 1756 1516 quoniam

976 1528 1052 1555 illud
1075 1528 1155 1555 idem
1180 1527 1243 1555 tolli
1266 1535 1327 1554 non
1350 1529 1460 1563 potest,
1478 1530 1505 1555 et
1520 1528 1576 1555 hoe
1601 1527 1756 1563 multiplici

975 1575 1100 1602 ratione.
1123 1574 1220 1602 Prima
1243 1576 1300 1608 est,
1323 1574 1469 1610 quoniam
1493 1582 1582 1601 omne
1603 1576 1757 1610 peceatum

975 1621 1149 1649 remissione
1171 1620 1284 1656 indiget
1305 1621 1409 1656 quoad
1429 1621 1508 1655 duo,
1524 1621 1634 1648 scilicet
1656 1620 1757 1656 quoad

977 1668 1113 1704 culpam,
1131 1670 1159 1695 et
1173 1668 1274 1703 quoad
1290 1676 1412 1703 poenam
1424 1676 1430 1694 ε
1444 1667 1497 1695 sed
1511 1676 1572 1695 non
1587 1670 1683 1704 potest
1695 1676 1757 1695 esse

977 1714 1111 1742 remissio
1137 1714 1269 1742 secunda
1292 1714 1354 1742 sine
1381 1714 1475 1750 prima
1493 1723 1500 1748 ⁴,
1527 1714 1598 1750 quia
1623 1714 1758 1750 quandiu

976 1761 1068 1789 homo
1084 1761 1204 1797 culpam
1217 1761 1327 1795 habet,
1344 1761 1460 1788 debitor
1475 1763 1517 1788 est
1535 1769 1630 1797 poenae
1647 1770 1653 1788 :
1670 1761 1758 1797 culpa

977 1811 1077 1836 autem
1104 1808 1235 1836 consistit
1259 1808 1288 1835 in
1318 1808 1546 1836 deordinatione
1575 1808 1736 1836 voluntatis
1750 1817 1756 1836 ε

977 1856 1058 1883 unde
1072 1856 1211 1883 voluntas
1227 1856 1268 1883 sic
1290 1863 1414 1882 manens
1437 1856 1572 1891 pertinax
1592 1855 1757 1883 reordinari

978 1911 1040 1930 non
1053 1904 1164 1938 potest,
1179 1902 1314 1939 alioquin
1330 1902 1391 1929 duo
1407 1902 1544 1938 opposita
1559 1902 1647 1929 simul
1662 1904 1758 1929 essent

977 1950 1008 1977 in
1024 1950 1142 1977 eodem.
1164 1949 1228 1977 Alia
1248 1949 1321 1977 ratio
1339 1951 1393 1983 est,
1410 1949 1482 1985 quia
1505 1951 1643 1976 manente
1667 1957 1757 1976 causa

977 2004 1039 2023 nou
1054 1999 1150 2032 potest
1169 1996 1232 2024 tolli
1249 1996 1368 2024 effeetus
1384 2005 1390 2023 :
1408 1996 1460 2023 sed
1480 1996 1619 2023 voluntas
1643 1995 1755 2023 inordi-

977 2045 1046 2070 nata
1076 2043 1114 2070 ad
1142 2043 1257 2078 aliquid
1283 2045 1325 2070 cst
1354 2051 1443 2070 causa
1466 2042 1590 2070 venialis
1620 2042 1733 2078 peccati
1747 2052 1753 2070 ε

977 2089 1058 2116 uncle
1074 2091 1210 2116 manente
1236 2089 1387 2116 voluntate
1411 2089 1471 2116 fixa
1490 2089 1521 2116 in
1544 2089 1615 2124 illo,
1631 2097 1692 2117 non
1713 2097 1756 2116 re-

978 2136 1099 2163 mittitur
1114 2135 1211 2171 ipsum
1225 2139 1380 2171 peecatum
1396 2135 1521 2163 veniale.

1014 2182 1172 2210 Sciendum
1197 2183 1285 2210 etiam
1308 2182 1391 2218 quod
1415 2191 1509 2210 unum
1530 2184 1685 2219 peceatum
1706 2191 1755 2209 ve-

978 2229 1055 2256 niale
1071 2229 1147 2256 bene
1159 2231 1255 2265 potest
1271 2229 1377 2256 dimitti
1393 2229 1455 2257 sine
1471 2229 1550 2264 alio,
1566 2229 1637 2266 quia
1651 2238 1755 2265 pecca-

978 2278 1040 2304 tum
1063 2277 1198 2310 mortale,
1223 2276 1307 2312 quod
1330 2276 1452 2311 majoris
1481 2279 1522 2304 est
1547 2276 1755 2311 adhaerentiae,

977 2325 1073 2358 potest
1087 2323 1175 2350 etiam
1190 2322 1297 2350 remitti
1315 2323 1377 2350 sine
1393 2322 1511 2350 veniali.
1527 2323 1590 2350 Alia
1604 2323 1678 2350 ratio
1694 2326 1736 2350 est
1748 2344 1754 2355 ,

979 2370 1050 2405 quia
1064 2373 1217 2406 peccatum
1232 2370 1355 2397 mortale
1371 2370 1411 2397 ita
1427 2371 1485 2397 Deo
1505 2370 1655 2405 displicet,
1673 2370 1755 2405 quod

977 2417 1046 2444 facit
1060 2417 1158 2453 ipsum
1176 2419 1349 2452 peccantem
1372 2418 1430 2444 Deo
1452 2417 1618 2452 displicere.
1637 2417 1694 2444 Sed
1708 2424 1760 2449 ve<

978 2463 1072 2498 niale,
1096 2464 1164 2491 licet
1189 2465 1246 2492 Deo
1270 2463 1440 2499 displiceat,
1461 2472 1530 2491 cum
1554 2463 1756 2490 inordinatum

978 2511 1028 2545 sit,
1041 2513 1139 2539 tamen
1153 2519 1213 2539 non
1228 2510 1494 2546 sacitpeecatorem
1510 2512 1568 2538 Deo
1584 2510 1754 2545 displicere:

979 2559 1050 2595 quia
1064 2567 1118 2595 per
1133 2558 1208 2586 illud
1222 2566 1284 2586 non
1298 2559 1432 2594 privatur
1446 2559 1549 2594 gratia,
1561 2558 1613 2585 sed
1629 2557 1757 2585 obnubi-

978 2607 1065 2642 latur,
1076 2606 1107 2634 in
1119 2608 1264 2642 quantum
1279 2606 1342 2641 ejus
1353 2614 1507 2642 processus
1518 2605 1558 2633 ad
1568 2604 1708 2633 ulteriora
1719 2605 1755 2641 (a)

1012 2671 1105 2702 'Aug.,
1121 2670 1145 2693 in
1160 2671 1241 2699 Jocm„
1257 2671 1329 2693 tract.
1345 2676 1427 2699 [ΠΗ.
1439 2676 1465 2693 n.
1479 2669 1501 2692 3.
1514 2681 1545 2686 -—-
1556 2669 1563 2683 '-'
1577 2668 1643 2699 Luci,
1660 2675 1686 2700 x,
1702 2675 1757 2693 1.-

979 2707 987 2720 ³
1005 2707 1087 2737 Dent„
1106 2712 1184 2736 xmv,
1200 2707 1222 2729 6.
1236 2719 1265 2723 --
1283 2705 1316 2736 (a)
1333 2707 1391 2730 Coet.
1403 2705 1465 2729 edit.
1482 2704 1618 2729 exteriora.
