2004 3037
199 234 258 263 442

197 298 286 326 simul
299 298 376 325 stare
389 304 452 325 non
475 297 600 333 possunt
622 295 655 324 in
674 295 782 325 eadem
794 295 948 325 voluntate
964 305 971 324 :

196 345 265 373 ideo
285 343 408 380 quando
423 343 549 372 charitas
566 345 609 372 est
622 343 652 372 in
666 343 838 379 voluntate,
852 343 974 380 expellit

197 392 316 428 culpam
329 399 384 428 per
397 391 536 420 dolorem
555 391 749 421 contritionis.
763 393 845 421 Unde
858 394 973 428 Augus·

195 440 273 469 tinus
287 440 297 457 ¹
311 439 382 468 dicit
393 439 435 468 sic
448 449 455 468 :
475 450 490 467 α
503 439 600 468 Radix
614 439 750 468 omnium
764 439 916 468 bonorum
930 440 974 467 est

195 487 322 516 charitas
332 508 342 522 ‚
357 489 386 515 et
403 487 490 515 radix
504 486 640 515 omnium
658 486 810 515 malorum
831 488 874 514 est
891 486 973 522 eupi-

195 534 288 569 ditas,
309 536 336 562 et
356 533 445 562 simul
463 533 560 562 ambae
578 541 640 562 non
657 535 783 570 possunt
805 540 886 567 esse,
901 532 973 569 quia

193 581 250 609 nisi
258 588 319 609 una
328 579 469 609 radicitus
479 580 583 608 evulsa
593 579 690 614 fuerit,
702 579 761 608 alia
770 579 898 616 plantari
911 587 973 607 non

193 629 322 665 potest.»
340 629 417 663 Ergo
430 626 519 655 dolor
534 627 717 655 contritionis
732 626 850 662 signum
864 628 907 654 cst
920 626 972 654 ha-

193 675 262 703 bitae
276 673 434 709 charitatis,
450 682 519 702 eum
532 675 659 710 utraque
673 673 762 702 simul
775 673 806 701 in
819 673 972 702 voluntate

194 730 257 751 esse
268 721 371 758 possit.

230 769 398 798 Secundum
414 768 533 804 signum
551 767 698 796 eharitatis
724 767 844 803 genitae,
868 774 972 795 secun-

194 816 268 845 dum
287 816 487 851 Bernardum,
508 817 551 844 est
573 815 695 843 firmum
715 814 902 851 propositum
925 821 972 842 ca-

193 863 283 892 vendi
304 863 402 891 futura
422 864 544 899 peccata
562 869 631 890 cum
651 861 766 889 effectu.
788 860 875 895 CuJus
896 860 971 888 ratio

195 912 255 944 est,
280 909 349 946 quia
371 909 482 938 habere
506 909 692 946 propositum
718 907 844 936 cavendi
870 907 972 935 omnia

194 958 318 994 peccata
331 956 469 985 mortalia
484 964 551 984 cum
567 956 671 984 effectu
680 977 689 990 ,
700 963 755 983 nec
769 963 823 992 per
837 963 972 990 amorem

194 1004 370 1039 naturalem,
386 1011 441 1031 nee
454 1011 508 1039 per
521 1002 697 1039 acquisitam
711 1001 901 1030 dilectionem
913 1009 970 1038 po-

194 1053 247 1079 test
261 1050 313 1079 diu
327 1050 394 1086 quis
408 1050 518 1078 habere
538 1050 600 1078 sine
617 1049 711 1085 gratia
722 1070 731 1084 ,
747 1049 808 1077 sive
831 1048 970 1076 charitate

193 1098 362 1133 adjuvante.
379 1097 460 1124 Unde
475 1097 655 1132 Augustinus
670 1095 741 1123 dicit
752 1096 774 1130 ²,
790 1095 873 1132 quod
891 1105 904 1121 «
918 1103 970 1123 vo-

193 1144 291 1172 luntas
310 1144 373 1180 ipsa
389 1143 444 1171 nisi
461 1143 553 1178 gratia
571 1143 619 1171 Dei
634 1142 775 1171 liberetur
789 1150 806 1170 a
820 1142 969 1177 servitute,

193 1199 252 1228 qua
267 1191 342 1219 faeta
358 1192 400 1218 est
415 1198 500 1218 serva
515 1190 644 1226 peccati,
661 1192 688 1217 et
708 1192 739 1216 ut
761 1189 832 1217 vitia
850 1191 969 1225 superet

191 1246 245 1274 per
259 1238 382 1273 gratiam
397 1236 564 1272 adjuvetur,
576 1238 651 1264 reete
666 1236 774 1272 pieque
790 1235 848 1263 vivi
861 1243 878 1263 a
889 1244 970 1264 mor-

192 1284 300 1312 talibus
315 1292 376 1312 non
387 1285 481 1319 potest
493 1292 498 1310 :
512 1293 525 1309 n
543 1282 611 1310 licet
622 1283 701 1310 enim
716 1285 838 1319 propter
851 1282 970 1310 liberta-

192 1334 249 1359 tem
260 1333 359 1367 posset
380 1329 473 1358 vitare
495 1329 653 1366 quodlibet
674 1330 829 1365 peccatum
845 1329 969 1357 mortale

190 1378 339 1413 signatum
350 1398 359 1411 ,
374 1385 435 1405 non
451 1379 547 1404 tamen
563 1379 684 1412 propter
699 1376 899 1403 infirmitatem
913 1383 969 1412 po-

190 1426 244 1453 test
259 1424 310 1452 diu
326 1424 428 1452 omnia
448 1424 477 1451 in
493 1423 645 1451 communi
661 1423 767 1456 vitare,
783 1422 855 1458 quin
870 1422 900 1450 in
916 1422 969 1450 ali-

193 1471 275 1508 quod
290 1471 410 1499 incidat.
429 1473 503 1505 Ergo
527 1470 579 1497 diu
604 1478 664 1497 esse
681 1469 742 1497 sine
760 1469 877 1498 mortali
898 1477 968 1505 pce-

190 1520 255 1547 cato
268 1518 384 1553 signum
397 1519 439 1545 cst
455 1517 672 1552 charitatisjam
691 1517 798 1544 habitae
818 1516 879 1544 sine
891 1524 970 1544 mor-

190 1565 239 1593 tali
250 1587 257 1599 ,
274 1565 304 1592 id
318 1567 359 1593 cst
374 1565 436 1592 sine
451 1564 630 1592 conscientia
646 1563 789 1591 mortalis.

226 1612 352 1640 Tertium
367 1612 485 1647 signum
501 1611 648 1639 charitatis
663 1611 767 1643 {senine
779 1632 788 1645 ,
804 1610 969 1638 seeundum

191 1659 371 1687 Bernardum
384 1680 391 1692 ,
408 1661 450 1686 est
465 1658 620 1685 delectatio
638 1658 666 1685 in
681 1657 785 1685 auditu
802 1657 895 1684 divini
911 1665 970 1684 ser-

191 1706 298 1734 monis.
323 1706 406 1734 ltatio
428 1706 516 1740 hujus
537 1708 595 1739 est,
621 1705 692 1741 quia
717 1707 848 1732 amantes
873 1703 970 1731 deler-

191 1756 288 1781 tantur
304 1753 334 1780 in
350 1752 538 1780 sermonibus
557 1752 667 1779 mutuis
679 1772 687 1785 ,
705 1752 765 1778 sive
786 1751 843 1778 siut
857 1759 968 1778 sermo-

191 1808 244 1828 nes
258 1799 406 1835 inspirati,
423 1799 483 1826 sive
499 1799 614 1833 scripti,
631 1799 692 1825 sive
715 1798 841 1825 exterius
857 1797 967 1832 auditi,

191 1849 222 1874 ut
236 1855 271 1874 ex
288 1846 345 1873 illis
360 1846 477 1881 capiant
492 1845 725 1881 experimentum
741 1846 913 1871 mutuorum
928 1844 969 1870 at—

191 1893 320 1921 fectuum
333 1914 341 1927 ,
359 1900 433 1929 quos
450 1891 575 1919 charitas
590 1891 705 1919 silentio
722 1893 819 1926 tegere
837 1898 898 1918 non
913 1897 967 1926 po-

190 1942 254 1968 test.
269 1942 328 1968 Mos
344 1940 421 1967 enim
436 1939 601 1967 amantium
616 1940 668 1973 est,
679 1938 717 1965 ait
731 1938 966 1973 Chrysostomus,

191 1988 222 2015 ut
244 1994 376 2014 amorem
395 1994 482 2013 suum
503 1985 618 2012 silentio
640 1992 741 2019 regere
766 1991 826 2011 non
848 1986 966 2020 queant.

192 2033 271 2061 Unde
287 2036 315 2060 et
329 2033 473 2061 Gilbertus
488 2033 661 2060 porretanus
680 2031 760 2058 idem
777 2031 845 2058 dicit
860 2032 880 2058 ³.
898 2031 967 2059 Ideo

191 2081 317 2108 charitas
332 2079 523 2115 inspiratione
534 2099 543 2113 ,
560 2078 589 2106 id
604 2081 662 2113 est,
684 2078 798 2106 iuterna
818 2077 967 2105 locutione

190 2136 251 2155 nou
267 2130 309 2155 cst
325 2129 478 2161 contenta3
495 2126 546 2153 sed
561 2125 635 2153 sacri
652 2125 796 2152 sermonis
812 2124 966 2151 institutio-

191 2182 258 2208 neS,
274 2174 355 2201 velut
369 2174 506 2209 clypeOS,
523 2172 656 2208 undique
672 2171 842 2199 memoriter
863 2178 968 2206 appre—

191 2221 302 2254 hcndit;
320 2220 371 2247 sed
384 2228 435 2247 ner
451 2219 496 2246 his
511 2222 656 2253 contenta,
675 2218 759 2254 quasi
775 2217 967 2245 vociferando

192 2269 299 2295 clamat
314 2268 322 2283 '⁴
340 2276 346 2294 z
364 2268 497 2294 Nuntiate
513 2267 625 2299 delecto,
642 2268 706 2299 qula
723 2273 812 2292 (tinore
835 2265 947 2298 lanqueo
959 2286 965 2295 ,

191 2315 242 2342 ubi
260 2314 329 2341 dicit
343 2313 444 2341 Glossa
461 2323 466 2339 ;
488 2324 499 2336 ιι
514 2312 571 2339 Illis
587 2311 754 2339 volentibus
771 2311 877 2338 docere
889 2332 896 2344 ‚
914 2311 967 2338 ista

191 2362 320 2397 flagrans
335 2368 436 2387 amore
451 2359 532 2395 prior
549 2358 720 2393 alloquitur.
734 2368 747 2383 ι)
766 2360 803 2385 Ex
819 2358 864 2384 his
879 2365 967 2393 appa-

191 2411 251 2442 ret,
271 2407 354 2444 quod
374 2405 529 2434 delectatio
554 2406 583 2432 iu
604 2405 708 2432 auditu
730 2404 813 2431 verbi
835 2405 900 2438 Dei,
926 2407 967 2432 est

191 2455 307 2491 signum
321 2453 469 2482 charitatis
483 2452 596 2487 genitam

225 2552 232 2568 ¹
250 2551 295 2575 Vol
307 2553 404 2579 auctor,
420 2547 533 2580 quisquis
549 2547 587 2571 ille
604 2548 643 2577 sit,
658 2547 729 2571 hom.
746 2553 794 2571 vm
811 2547 878 2570 iuter
893 2553 917 2577 L,
933 2547 964 2571 al.

191 2587 261 2610 hom.
280 2592 376 2616 cmxx,
397 2585 422 2609 iu
443 2583 554 2615 append.
575 2585 636 2607 tom.
659 2589 682 2613 v,
703 2584 778 2613 Opes.
802 2584 826 2606 S.
849 2584 914 2613 Aug.
936 2596 965 2600 -—

192 2623 199 2637 ²
216 2624 289 2652 Aug„
306 2620 482 2649 Itett·11‹·t.,lil›,
499 2620 517 2649 l,
537 2627 558 2642 υ.
576 2625 613 2646 ix,
630 2626 655 2642 11.
672 2621 694 2643 4.
711 2618 840 2641 -Sljiltm
858 2619 964 2647 Porret„

192 2659 217 2681 in
235 2659 318 2685 Cant..
333 2664 410 2681 serm.
430 2661 505 2683 xxvi„
523 2656 581 2685 post
595 2654 662 2678 med,
679 2667 707 2671 -
723 2654 730 2667 ⁴
748 2654 830 2683 cant„
848 2659 880 2683 ii,
897 2655 918 2675 5.
936 2667 964 2670 -—

192 2694 201 2709 ⁵
216 2693 297 2723 Joan„
316 2698 368 2722 xiv,
388 2693 426 2715 23.
441 2703 471 2708 —
491 2691 500 2707 θ
515 2691 602 2720 ‹jx-eg„
623 2690 649 2712 in
668 2690 749 2719 down,
767 2689 837 2713 hom.
858 2694 919 2717 xxx,
940 2688 964 2711 in

607 229 658 261 DE
679 227 838 261 SEPTEM
859 226 1086 260 ITINERIBUS
1107 226 1397 260 AETERNITATIS.

1063 297 1207 331 Quartum
1220 295 1340 332 signum
1351 295 1500 325 charitatis
1511 296 1616 332 genitae
1628 297 1672 326 est
1684 304 1805 335 promp-

1027 343 1124 372 titudo
1137 343 1212 372 boni
1226 343 1334 380 operis.
1351 343 1436 372 Ratio
1454 343 1544 379 hujus
1557 343 1634 380 signi
1653 346 1713 380 est,
1732 344 1806 382 quia

1028 390 1154 418 charitas
1177 390 1308 418 maxime
1325 392 1368 418 est
1391 390 1564 427 operativa,
1585 390 1658 427 quia
1677 391 1742 427 ipsa
1762 393 1806 420 est

1028 445 1114 466 amor
1126 436 1194 465 finis
1206 458 1215 472 ‚
1230 440 1259 465 et
1278 437 1347 466 ideo
1361 437 1489 474 imperat
1502 445 1624 466 omnem
1644 439 1745 466 actum
1759 445 1805 466 or·

1028 484 1180 520 dinatum,
1191 484 1240 512 vel
1256 484 1456 512 ordinabilem
1470 485 1502 512 in
1515 484 1595 512 hunc
1605 484 1708 513 finem.
1723 484 1805 513 Unde

1028 531 1196 567 Gregorius,
1212 531 1243 559 in
1255 531 1380 560 homilia
1393 539 1483 568 super
1495 533 1640 560 loannem
1651 532 1662 549 ⁸
1678 541 1685 559 :
1697 532 1730 560 Si
1743 533 1806 567 quis

1027 578 1123 614 diliqit
1132 586 1173 606 me
1181 599 1190 614 ,
1203 577 1274 606 dicit
1285 577 1313 606 ⁸:
1332 587 1346 604 (ι
1355 579 1512 615 Nunquam
1519 586 1605 607 amor
1614 580 1658 606 est
1671 578 1783 606 otiosus
1796 587 1803 606 z

1027 626 1166 661 operatur
1183 624 1264 653 enim
1277 632 1405 661 magna,
1420 625 1444 653 si
1455 627 1515 659 est3
1531 625 1554 653 si
1570 627 1670 653 autem
1684 625 1803 662 operari

1026 672 1170 704 renuerit,
1191 679 1276 700 amor
1290 679 1352 700 non
1368 674 1419 700 est.
1433 682 1447 698 ι)
1469 674 1500 700 Et
1513 671 1627 700 ibidem
1641 681 1648 700 :
1667 682 1680 698 <t
1696 671 1806 700 Proba-

1026 718 1066 746 tio
1082 718 1249 748 dilectionis
1265 720 1308 746 est
1320 718 1462 747 exhibitio
1474 719 1583 756 operis.
1599 730 1611 744 n
1635 720 1668 746 Et
1687 720 1807 747 Bernar-

1028 764 1083 792 dus
1093 786 1103 800 ‚
1118 772 1199 800 super
1217 764 1329 792 Catilio-a
1341 765 1352 782 ⁷
1370 773 1377 792 :
1403 774 1418 791 α
1432 766 1538 801 Magna
1550 773 1598 793 res
1612 767 1657 793 est
1669 773 1764 800 amor,
1779 766 1805 794 si

1027 811 1066 840 ad
1080 819 1169 839 suum
1182 811 1306 839 recurrit
1320 811 1513 847 principium,
1526 812 1550 840 ‘si
1565 820 1625 840 suae
1639 812 1747 848 origini
1760 820 1806 841 re·

1028 858 1154 890 ducitur,
1170 858 1194 886 si
1209 857 1323 886 refusus
1338 866 1392 886 suo
1407 858 1481 887 fonti
1493 879 1502 893 ,
1523 866 1641 895 semper
1656 866 1693 886 ex
1704 866 1741 887 eo
1756 867 1806 886 su-

1027 907 1102 940 mat,
1119 905 1198 934 unde
1210 905 1320 941 jugiter
1334 905 1416 933 fluat.
1429 916 1442 930 »ι
1461 905 1551 941 igitur
1564 905 1699 942 operatio
1712 905 1807 934 bono—

1026 961 1094 981 rum
1109 960 1233 989 operum
1249 952 1368 988 signum
1382 954 1424 980 est
1437 952 1585 980 charitatis
1599 952 1716 980 habitae.

1062 999 1202 1033 Quintum
1226 999 1344 1034 signum
1360 998 1508 1026 charitatis
1524 999 1588 1034 jam
1603 998 1708 1034 genitae
1722 998 1808 1035 ponit

1027 1046 1182 1074 Anselmus
1196 1046 1226 1073 in
1241 1045 1318 1074 libro
1333 1045 1366 1074 cie
1383 1045 1620 1073 similitudinibus
1631 1066 1639 1079 ,
1655 1045 1708 1073 ubi
1723 1044 1805 1080 dicit,

1027 1093 1110 1129 quod
1125 1092 1248 1129 quando
1264 1092 1372 1129 aliquis
1386 1092 1424 1120 dc
1439 1092 1556 1120 defectu
1571 1091 1696 1127 alicujus
1709 1092 1804 1120 trista-

1026 1142 1073 1167 tur
1090 1139 1234 1175 spirituali
1246 1160 1254 1174 ,
1271 1138 1348 1167 etde
1369 1138 1502 1175 proiectu
1515 1138 1644 1166 aliorum
1659 1138 1804 1175 spirituali

1026 1185 1157 1220 laetatur,
1188 1186 1307 1222 signum
1342 1188 1384 1214 est
1412 1185 1570 1214 eharitatis.
1604 1187 1636 1213 Et
1669 1185 1804 1221 Augusti-

1026 1241 1092 1268 nus,
1105 1233 1136 1260 in
1151 1240 1211 1260 una
1227 1232 1353 1269 epistola
1374 1232 1412 1260 ad
1428 1232 1646 1268 Hipponenses,
1661 1231 1763 1260 dicens
1773 1232 1802 1259 ⁰:

1029 1289 1042 1306 α
1056 1279 1110 1313 Qui
1126 1287 1187 1307 non
1208 1279 1290 1307 dolet
1305 1278 1342 1307 de
1363 1279 1442 1307 malo
1462 1279 1610 1315 proximi,
1626 1286 1687 1306 non
1709 1281 1752 1306 cst
1774 1278 1805 1306 in

1026 1333 1062 1354 eo
1075 1326 1201 1354 charitas
1215 1325 1328 1353 Christi.
1343 1336 1356 1351 »
1375 1325 1458 1354 Ratio
1474 1325 1562 1361 hujus
1578 1325 1653 1360 sigui
1667 1327 1718 1360 est,
1733 1325 1805 1362 quia

1026 1381 1094 1401 cum
1112 1372 1276 1401 secundum
1302 1372 1474 1408 Dionysium
1490 1372 1639 1400 charitatis
1662 1371 1753 1400 ardor
1769 1372 1806 1400 sit

1026 1421 1117 1448 virtus
1132 1419 1255 1455 unitiva,
1272 1419 1338 1447 ideo
1352 1419 1453 1447 nititur
1465 1419 1568 1447 omnia
1582 1418 1744 1455 liquescere
1757 1419 1804 1454 (a),

1026 1468 1054 1495 et
1077 1467 1108 1494 in
1130 1474 1224 1494 unum
1249 1466 1397 1500 conflare,
1415 1468 1447 1493 ut
1469 1466 1532 1502 ipsa
1550 1465 1699 1494 uniantur.
1723 1465 1804 1493 Unde

1026 1513 1182 1548 Gregorius
1192 1534 1201 1547 ‚
1216 1521 1296 1548 super
1311 1513 1490 1545 Ezechielem,
1507 1512 1579 1540 dicit
1594 1512 1635 1540 sic
1650 1514 1660 1530 ⁹
1676 1521 1682 1540 :
1704 1523 1717 1539 τι
1733 1514 1804 1540 Ecce

1026 1561 1122 1597 qualis
1141 1562 1184 1588 est
1206 1560 1351 1594 charitas,
1367 1568 1434 1595 quoe
1455 1559 1638 1587 diversitates
1661 1559 1804 1587 mentium

1026 1607 1171 1642 accendit,
1187 1609 1366 1641 concremat,
1387 1607 1511 1640 conflat,
1526 1609 1553 1634 et
1569 1606 1652 1642 quasi
1668 1606 1697 1633 in
1713 1614 1805 1634 unam

1025 1655 1154 1690 speeiem
1183 1654 1333 1682 reformat.
1363 1664 1375 1679 n
1408 1653 1463 1681 Sed
1488 1653 1564 1680 hanc
1595 1652 1805 1680 conflationem

1025 1702 1168 1729 unitivam
1185 1700 1314 1727 desectus
1329 1699 1526 1735 spiritualium
1542 1699 1676 1735 impedit,
1693 1701 1721 1726 ct
1734 1706 1803 1734 pro-

1024 1748 1116 1776 fectus
1134 1747 1268 1783 perlicit:
1291 1746 1360 1774 ideo
1376 1746 1501 1773 charitas
1521 1745 1587 1773 sarit
1608 1745 1645 1773 dc
1666 1753 1726 1773 uuo
1742 1745 1804 1772 tris-

1025 1795 1089 1829 tari,
1101 1796 1128 1821 et
1143 1794 1180 1821 ‹le
1196 1794 1288 1821 altero
1301 1792 1401 1820 laetari.
1420 1792 1499 1820 Unde
1515 1792 1672 1828 Apostolus
1686 1791 1757 1819 dicit
1773 1792 1804 1826 ¹⁰,

1025 1841 1109 1877 quod
1123 1841 1249 1869 charitas
1263 1848 1313 1867 non
1329 1839 1477 1874 conqaucict
1488 1840 1646 1874 iniquitati,
1660 1838 1708 1866 sed
1719 1839 1805 1872 mauis

1025 1887 1172 1922 couqaudet
1201 1888 1314 1914 veritati
1339 1897 1346 1913 :
1374 1886 1462 1921 igitur
1489 1885 1595 1913 tristari
1624 1885 1661 1913 dc
1690 1884 1805 1912 defectu

1025 1934 1241 1971 spiritualium,
1264 1936 1291 1961 et
1311 1932 1441 1968 gaudere
1463 1932 1500 1960 dc
1526 1940 1629 1960 eorum
1652 1932 1804 1968 profectu,

1025 1982 1143 2017 signum
1159 1983 1201 2009 est
1217 1980 1375 2008 charitatis.

1299 2058 1480 2082 ARTffiULUS
1502 2057 1531 2082 ll.

1165 2113 1200 2136 De
1219 2111 1297 2141 siguis
1315 2111 1444 2135 eharitatis
1458 2110 1512 2142 jum
1530 2110 1668 2135 roboratae.

1060 2167 1195 2196 Secundo
1212 2167 1335 2203 quidam
1356 2166 1471 2194 tradunt
1492 2166 1593 2202 aliqua
1609 2166 1694 2201 signa
1709 2165 1803 2193 chari-

1025 2215 1089 2243 tatis
1109 2216 1171 2249 J‘am
1193 2214 1357 2246 roboratio,
1382 2213 1443 2240 sive
1469 2213 1658 2248 proficientis.
1686 2214 1716 2239 Et
1737 2212 1804 2240 licet

1024 2262 1117 2289 multa
1136 2261 1194 2288 siut
1208 2260 1292 2294 sigua
1316 2259 1398 2286 istius
1420 2259 1584 2293 charitatis,
1605 2262 1701 2287 tamen
1716 2258 1802 2294 quin—

1025 2317 1081 2345 que
1111 2307 1256 2335 sufficiant
1279 2306 1374 2340 magis
1400 2306 1528 2333 utiliora.
1557 2306 1685 2333 Primum
1714 2305 1802 2340 igitur

1024 2356 1140 2390 signum
1153 2354 1216 2389 jam
1230 2353 1378 2381 roboratae
1393 2355 1422 2380 et
1443 2352 1624 2388 protirientis
1639 2351 1799 2386 charitatis

1025 2406 1067 2431 est
1090 2403 1226 2438 frequens
1248 2403 1274 2428 ct
1294 2401 1371 2434 justa
1395 2400 1579 2427 conscicntim
1603 2398 1799 2431 examinatio,

1024 2457 1084 2478 non
1107 2449 1204 2476 solum
1220 2447 1256 2475 de
1271 2447 1397 2482 peccatis
1420 2445 1615 2478 mortalibus,
1638 2444 1689 2471 scd
1711 2444 1799 2471 etiam

1023 2534 1104 2565 princ.
1124 2546 1149 2549 >-
1166 2533 1175 2549 '¹
1194 2533 1278 2561 Rern„
1296 2532 1319 2554 ιἰι
1342 2532 1425 2560 Cant,
1441 2537 1518 2554 serm.
1535 2534 1628 2557 xxxiii,
1647 2529 1715 2553 (ziicu
1730 2529 1797 2552 med.

1023 2583 1053 2588 --
1070 2572 1077 2582 ’⁴
1093 2570 1166 2598 Aug„
1185 2567 1218 2590 ‹ul
1235 2567 1293 2590 cler.
1321 2569 1343 2590 el
1366 2565 1433 2597 pleb.
1455 2566 1571 2596 Hippon.v
1587 2565 1659 2595 epist.
1681 2570 1797 2592 fluxili,

1023 2605 1055 2629 al.
1077 2609 1192 2633 mxviii,
1215 2610 1241 2626 ιι.
1262 2604 1275 2625 2
1308 2615 1332 2618 -
1354 2603 1362 2615 ⁹
1383 2603 1470 2631 (ἐι-ος,
1494 2601 1517 2623 in
1538 2600 1637 2626 Ezecli„
1658 2599 1728 2624 Ιιοιιι.
1745 2604 1797 2628 xiv,

1022 2641 1097 2669 longe
1113 2641 1171 2663 ante
1185 2638 1252 2662 iuml.
1269 2651 1298 2654 —
1318 2638 1354 2660 ¹01
1373 2637 1440 2666 Com,
1457 2642 1516 2666 xiii,
1530 2637 1552 2659 (ἰ.

1056 2688 1088 2717 (a)
1107 2686 1162 2716 Leq.
1179 2684 1339 2716 liquefacere.

1839 2161 1906 2187 Signa

1820 2192 1913 2212 charitu-

1827 2224 1854 2243 tis
1864 2229 1915 2250 pro-

1819 2256 1918 2276 ticicutis.
