2004 3037
606 209 656 243 DE
679 209 840 250 QUARTO
863 207 1036 241 lTINERE.
1060 207 1160 240 DIST.
1184 208 1235 241 lv.
1257 208 1350 242 ART.
1374 207 1426 242 IV.

201 275 279 306 rales
298 279 326 306 et
339 279 466 307 mortem
482 279 670 307 contemnere
683 277 763 306 facit.
777 277 860 306 Unde
874 278 982 313 Grego-

203 323 264 351 rius
277 345 284 358 ,
305 324 336 352 in
353 324 478 354 homilia
498 324 569 354 dicit
587 325 595 343 ¹
613 333 620 354 :
639 333 653 351 ι(
673 324 766 354 Fortis
788 326 830 352 est
851 325 883 352 ut
902 331 983 352 mors

203 369 338 407 dilectio;
359 371 431 408 quia
448 371 523 400 sicut
543 379 624 400 mors
643 379 751 408 corpus
772 370 926 405 interimit,
943 370 984 398 sic

203 417 330 446 charitas
359 418 427 446 vitae
445 420 560 447 oeternae
579 418 618 447 ab
644 426 746 447 amore
774 417 983 453 temporalium

204 467 332 492 mentem
365 465 469 493 avertit
501 467 529 493 et
567 464 684 494 occidit.
723 466 796 493 Nam
833 465 964 492 mentem
975 484 984 498 ,

205 518 296 547 quam
309 512 439 548 perfecta
457 512 583 540 charitas
598 511 798 547 absorbuerit,
815 511 855 539 ad
870 513 986 539 terrena

204 557 275 586 foris
290 558 438 587 desideria
451 558 532 587 velut
547 559 752 587 insensibilem
766 558 875 593 reddit,
888 566 985 594 neque

205 607 322 633 sanctus
340 605 466 642 quilibet
481 606 558 634 mori
577 614 632 642 pro
653 606 779 634 Domino
800 605 942 641 potuisset
955 605 986 632 in

207 659 342 688 corpore,
356 651 413 680 nisi
428 652 510 688 prius
525 660 543 681 a
557 652 679 681 terrenis
695 651 850 680 desideriis
860 652 890 679 in
904 659 986 679 men·

207 700 234 726 te
254 699 388 727 mortuus
408 698 519 727 fuisset.
540 710 553 727 »
575 701 639 728 Haec
653 699 714 728 ille.
738 699 863 727 Charitas
882 698 961 727 enim
977 697 988 713 ²

205 747 296 773 omnia
316 747 450 781 sustinet,
476 746 516 774 ait
539 746 706 783 Apostolus.
732 745 814 774 Unde
835 746 963 781 Apostoli
977 746 986 763 ⁸

205 792 284 820 ibant
301 792 448 827 gaudentes
464 801 480 820 a
492 796 632 829 conspectu
649 794 775 826 concilii,
797 795 851 821 etc.
868 794 909 821 Ex
925 800 986 829 quo

205 841 285 874 patet
298 839 405 868 veritas
417 839 499 867 istius
514 839 600 875 signi.

242 886 385 920 Quartum
411 886 528 922 signum
550 886 686 923 perfectae
710 886 859 914 charitatis
882 886 989 914 01111111-

207 940 308 960 secum
327 935 386 968 est,
401 933 425 960 si
441 933 581 961 omnibus
603 934 772 962 renuntiare
793 935 914 970 paratus
934 933 988 967 sit,

207 982 235 1008 et
255 979 339 1016 sequi
359 980 514 1008 Christum.
535 980 618 1009 Ratio
635 980 724 1016 hujus
742 981 819 1016 signi
840 982 898 1015 est,
918 980 989 1017 quia

206 1026 336 1063 perfecta
355 1026 481 1055 charitas
501 1027 603 1056 omnia
622 1027 736 1062 renuit,
753 1035 819 1064 quae
841 1027 904 1062 ejus
923 1026 988 1055 offi—

207 1073 287 1101 cium
301 1073 479 1110 impediunt.
501 1074 582 1102 Unde
605 1074 765 1110 Apostolus
788 1075 890 1103 omnia
911 1074 990 1103 arbi-

207 1122 298 1148 tratus
321 1123 364 1148 est
377 1119 387 1136 ⁶
402 1122 435 1148 ut
454 1123 574 1156 stercus,
591 1122 623 1149 ut
638 1121 780 1150 dilectum
794 1120 988 1150 lucrifaceret.

208 1167 264 1194 Sed
279 1167 488 1203 temporalium
499 1167 739 1203 concupiscentia
752 1168 882 1196 maxime
896 1168 990 1204 impe-

209 1213 252 1241 dit
265 1214 397 1242 officium
417 1214 575 1242 charitatis.
599 1214 670 1242 Dicit
688 1215 768 1242 enim
786 1215 966 1250 Augustinus
981 1216 990 1231 s

209 1261 293 1296 quod
318 1271 330 1286 «
347 1261 494 1289 charitatis
509 1269 659 1289 venenum
679 1263 722 1289 est
740 1269 807 1298 spes
828 1261 990 1298 adipiscen-

210 1307 318 1335 dorum
329 1307 537 1343 temporalium
544 1317 553 1342 3
566 1309 594 1336 et
604 1308 819 1336 nutrimentum
831 1309 989 1345 charitatis,

209 1353 377 1382 imminutio
391 1354 557 1390 cupiditatis
574 1364 580 1382 :
598 1354 739 1391 perfectio
754 1363 826 1383 vero
842 1355 991 1383 charitatis

211 1402 267 1435 est,
286 1401 339 1428 ubi
353 1401 436 1428 nulla
451 1404 494 1429 est
508 1401 663 1437 cupiditas.
680 1413 693 1427 »
718 1404 755 1430 De
769 1402 826 1430 hoc
842 1402 912 1430 dicit
926 1404 992 1431 Gre-

211 1448 312 1483 gorius
331 1450 341 1466 ⁶
363 1459 369 1476 :
395 1460 409 1475 «
430 1450 501 1477 Sunt
528 1449 664 1477 nonnulli
686 1450 851 1484 justorum,
877 1450 928 1485 qui
953 1450 992 1477 ad

211 1495 475 1531 contemplandum
496 1496 615 1523 culmen
632 1495 838 1532 perfeetionis,
858 1496 931 1523 dum
952 1496 991 1524 ad

211 1541 315 1569 altiora
330 1542 451 1569 interius
468 1544 624 1578 appetunt,
640 1543 767 1570 exterius
785 1544 891 1570 cuncta
910 1543 992 1570 dere-

211 1588 365 1624 linquunt,
381 1589 433 1624 qui
451 1589 540 1616 rebus
560 1588 667 1616 habitis
690 1597 720 1616 se
742 1589 872 1624 nudant,
898 1589 992 1624 gloria

211 1635 334 1662 honoris
355 1643 385 1663 se
406 1635 575 1671 expoliant,
597 1635 649 1671 qui
674 1635 890 1663 desideriorum
905 1635 992 1664 inter-

211 1689 320 1709 norum
340 1682 509 1710 assiduitate
526 1690 556 1710 se
573 1682 723 1717 affligunt,
741 1682 778 1710 de
799 1682 993 1710 exterioribus

211 1727 322 1756 habere
348 1729 583 1756 consolationem
609 1729 729 1764 nolunt,
755 1729 865 1765 quibus
887 1729 994 1757 Paulus

213 1774 284 1802 dicit
296 1776 306 1792 '¹
325 1784 332 1802 :
348 1777 453 1803 Mortui
472 1777 551 1810 estis,
567 1779 592 1803 et
607 1778 665 1803 vita
680 1778 770 1803 vestra
784 1777 942 1803 abscondita
957 1779 995 1803 est

211 1823 241 1848 in
257 1823 320 1849 Deo.
334 1832 347 1847 »
361 1823 424 1849 Haec
439 1822 499 1850 ille.
517 1824 548 1849 Et
563 1823 604 1850 sic
619 1825 711 1858 patet,
723 1823 808 1858 quod
824 1823 993 1851 renuntiare

213 1868 369 1902 omnibus,
389 1871 417 1896 et
435 1869 519 1904 sequi
538 1869 699 1904 Christum,
726 1870 789 1905 ejus
810 1869 994 1897 voluntatem

213 1913 367 1949 faciendo,
384 1915 501 1950 signum
521 1918 562 1943 est
580 1916 714 1951 perfectae
734 1916 891 1944 charitatis.
914 1916 994 1944 Unde

213 1962 341 1988 loannes
357 1961 428 1989 dicit
441 1962 451 1978 ⁸
468 1972 474 1989 :
496 1963 549 1994 Qui
567 1966 657 1990 seri-at
678 1963 786 1990 verbum
809 1965 876 1997 Dei,
891 1971 950 1991 vere
966 1965 995 1990 in

214 2015 242 2034 eo
258 2008 375 2035 charitas
392 2010 442 2035 Dei
455 2010 579 2043 perfecta
591 2012 639 2036 est.

249 2054 390 2088 Quintum
410 2055 530 2090 signum
552 2056 688 2091 perfectae
713 2055 861 2084 charitatis
886 2055 995 2083 extrin-

215 2108 315 2128 secum
335 2103 393 2136 cst,
418 2102 442 2129 si
466 2102 541 2129 nihil
565 2102 647 2130 aliud
668 2111 760 2139 quam
785 2102 883 2130 solum
905 2103 996 2129 Deum

215 2147 351 2175 timuerit.
369 2149 451 2176 Ratio
466 2149 554 2184 hujus
569 2149 644 2184 signi
661 2153 713 2184 est,
732 2149 818 2186 quia,
836 2149 910 2176 sicut
925 2148 997 2176 dicit

215 2195 342 2222 loannes
352 2196 361 2211 ⁹
375 2205 381 2222 :
401 2197 523 2230 Perfecta
537 2198 656 2226 charitas
671 2200 747 2232 foras
760 2199 849 2225 mittit
865 2199 995 2225 timorem.

216 2241 302 2274 Quod
321 2250 473 2278 exponens
495 2244 640 2272 Gilbertus
663 2246 859 2278 Porretanus,
884 2251 997 2271 sermo-

215 2296 253 2316 ne
266 2297 338 2316 xvm
348 2311 356 2323 ,
373 2289 444 2317 dicit
459 2299 465 2317 t
486 2292 640 2320 «Charitas
655 2292 786 2328 proximi
800 2293 878 2319 caret
892 2291 995 2325 livore,

217 2336 270 2363 sed
298 2336 423 2364 charitas
450 2338 553 2367 Christi
580 2342 659 2367 caret
687 2340 801 2367 timore.
827 2340 891 2365 flaee
918 2338 997 2365 enim

216 2382 291 2410 nihil
311 2384 429 2419 poenale
451 2385 555 2421 habet3
572 2386 660 2414 timor
684 2389 782 2414 autem
805 2393 925 2421 poenam
946 2385 999 2412 ha-

217 2429 268 2457 bet
284 2439 290 2457 :
308 2437 378 2466 ergo
404 2431 436 2459 in
460 2432 563 2461 Christi
585 2433 723 2461 charitate
748 2441 810 2460 non
833 2432 886 2460 erit
911 2431 998 2459 timor

252 2490 259 2505 ¹
276 2490 363 2521 Greg„
386 2491 411 2515 in
428 2493 537 2524 Evanq„
556 2493 626 2518 hom.
647 2500 684 2524 xi,
703 2493 779 2524 paulo
798 2494 857 2524 post
871 2491 953 2523 princ.
968 2504 997 2510 —

220 2524 250 2548 ¹1
269 2525 336 2558 Cor„
352 2533 416 2558 1111,
434 2529 456 2552 7.
474 2542 504 2548 —·
520 2530 530 2545 ⁸
544 2530 609 2559 Act„
625 2536 650 2559 v,
668 2532 707 2554 41.
720 2543 749 2548 —
768 2530 778 2546 δ
793 2529 899 2559 Philip„
915 2534 960 2558 111,
973 2529 996 2553 8.

220 2571 251 2578 -
264 2561 274 2577 ⁵
285 2563 360 2593 Aug„
375 2563 406 2587 de
420 2565 478 2589 Div.
494 2565 624 2590 LXXXIII
637 2566 738 2596 Quaest.,
755 2572 780 2596 q.
793 2571 882 2593 xxxvi,
896 2571 922 2587 n.
938 2566 998 2587 1.-

221 2597 229 2610 ⁵
245 2596 331 2628 Greg„
346 2600 448 2631 Moml„
465 2601 507 2626 lib.
527 2602 594 2632 Viti,
606 2608 628 2626 c,
641 2607 684 2633 XV,
697 2601 743 2626 sub
759 2601 812 2626 init.
824 2613 854 2618 —
870 2601 877 2614 ⁷
892 2599 998 2629 Coloss..

220 2637 268 2662 111,
289 2633 312 2657 3·
332 2647 362 2652 -
385 2636 393 2649 ⁸
415 2637 521 2668 lJoan„
546 2643 578 2668 11,
605 2639 627 2662 5.
647 2650 677 2656 —
698 2638 706 2652 ⁹
731 2638 836 2666 tJoan.‚
857 2641 892 2665 lv,
918 2637 954 2659 is.
969 2648 999 2652 -

221 2667 241 2683 ¹⁰
262 2668 269 2691 ¹
289 2669 369 2698 Pelso
393 2677 427 2702 lv,
449 2675 472 2696 8.
494 2686 523 2690 —
547 2674 561 2689 '¹
584 2674 667 2703 Cant„
685 2679 741 2704 vm,
757 2677 779 2697 υ.
797 2686 823 2690 -
850 2673 865 2686 ¹²
881 2672 958 2702 liug.‚
972 2670 997 2694 in

1762 208 1822 238 445

1038 275 1096 304 nisi
1113 275 1223 304 filialis.
1241 276 1318 311 Quid
1332 277 1414 304 euim
1433 274 1548 304 timebit
1569 273 1696 303 charitas
1711 274 1824 302 veteres

1040 322 1168 352 offensas
1180 324 1194 351 ἱ)
1213 323 1285 359 quia
1300 323 1322 341 ¹⁰
1335 323 1539 351 multitudinem
1554 323 1722 357 peccatorum
1737 321 1825 355 operit

1039 370 1166 398 charitas.
1185 369 1262 404 Quid
1279 369 1481 398 infirmitatem
1494 368 1622 405 propriae
1637 366 1824 396 conscientiae

1039 417 1165 452 timebit,
1182 425 1219 445 ne
1234 416 1374 445 decidat?
1390 416 1461 453 quia
1476 417 1497 434 ¹¹
1514 417 1596 449 sortis
1611 417 1641 443 ut
1655 422 1726 442 mors
1740 414 1824 442 dilec-

1041 465 1088 492 tio.
1105 464 1182 498 Quid
1196 464 1376 501 temporales
1389 471 1445 500 pro
1460 463 1573 492 Christo
1588 462 1704 491 timebit
1718 461 1824 490 moles-

1041 511 1096 540 tias
1111 511 1259 545 finibiles,
1278 519 1347 539 cum
1369 519 1424 539 nec
1440 510 1563 547 quidem
1583 509 1607 537 si
1629 511 1746 537 aeternae
1765 508 1825 537 fue-

1041 559 1114 593 rint,
1130 558 1284 594 defatigari
1295 559 1346 586 aut
1358 565 1413 586 nec
1428 564 1603 586 evanescere
1617 556 1725 592 poterit
1739 555 1826 584 dilec-

1041 605 1081 634 tio
1109 606 1338 637 consummata,
1363 604 1395 632 id
1421 605 1464 632 est
1488 603 1642 640 perfecta?
1666 604 1728 631 Non
1756 602 1824 630 ideo

1042 653 1123 680 amat
1136 651 1262 680 charitas
1275 653 1307 679 ut
1319 652 1438 688 pereat3
1455 650 1509 678 sed
1525 649 1619 685 magis
1632 649 1695 677 vult
1709 649 1780 677 foris
1795 649 1826 676 in

1042 701 1184 727 aeternum
1203 697 1300 734 perire
1324 697 1497 734 poenaliter,
1519 704 1611 733 quam
1635 696 1747 732 privari
1770 704 1826 723 usu

1043 745 1153 774 amoris
1176 745 1283 773 interni
1304 744 1488 774 aeternaliter.
1512 754 1526 771 »
1553 745 1617 771 Haec
1637 742 1697 770 ille.
1723 744 1764 770 Ex
1780 742 1826 770 his

1042 795 1143 829 patere
1167 793 1280 829 potest,
1296 791 1380 828 quod
1403 791 1541 819 timorem
1562 789 1683 826 expellit
1701 789 1827 817 charitas

1042 839 1182 876 perfecta.
1210 839 1338 873 Quidam
1366 838 1454 866 etiam
1485 839 1603 874 ponunt
1631 836 1716 872 signa
1743 836 1828 864 istius

1044 886 1155 915 amoris
1174 885 1354 922 corporalia,
1370 887 1402 913 ut
1416 884 1502 913 faciei
1516 884 1678 920 pallorem,
1694 883 1827 919 corporis

1043 933 1232 969 languorem,
1249 932 1372 961 actionis
1387 934 1551 968 torporem,
1567 933 1595 958 et
1610 931 1713 958 caetera
1726 930 1830 965 hujus-

1044 980 1138 1008 modi.
1156 980 1212 1008 Sed
1227 980 1279 1008 illa
1300 981 1367 1007 sunt
1381 979 1466 1014 signa
1480 981 1540 1006 tam
1554 977 1665 1006 amoris
1684 977 1828 1013 carnalis,

1045 1035 1138 1063 quam
1150 1027 1319 1063 spiritualis,
1336 1029 1368 1054 ut
1382 1026 1579 1054 communiter
1592 1026 1682 1062 patet.

1312 1105 1492 1130 ARTlCULUS
1518 1105 1560 1129 tv.

1143 1160 1179 1184 De
1197 1159 1277 1190 signis
1294 1158 1438 1183 intrinsecis
1455 1157 1585 1183 charitatis
1602 1157 1733 1189 perfectae.

1082 1215 1189 1243 Ultimo
1217 1214 1384 1242 videndum
1411 1216 1454 1242 est
1481 1213 1518 1241 de
1547 1213 1639 1249 signis
1664 1212 1829 1241 intrinsecis

1047 1261 1195 1290 charitatis
1206 1261 1352 1297 perfectae.
1368 1262 1439 1289 Sunt
1454 1260 1532 1288 enim
1548 1260 1686 1296 quaedam
1701 1260 1829 1287 actiones

1047 1309 1194 1337 charitatis
1208 1308 1343 1344 perfectae
1358 1307 1444 1344 quasi
1458 1307 1536 1335 intus
1551 1308 1715 1339 manentes,
1731 1314 1748 1334 a
1763 1306 1830 1333 cha-

1046 1356 1130 1383 ritate
1141 1355 1242 1383 elicitffl
1253 1355 1301 1382 vel
1313 1355 1476 1390 imperatum
1490 1356 1518 1382 et
1529 1356 1609 1381 tanto
1623 1355 1690 1380 sunt
1701 1354 1829 1386 veriora,

1048 1404 1160 1438 quanto
1175 1402 1324 1429 interiora.
1342 1402 1457 1435 Quanto
1474 1401 1553 1428 enim
1575 1400 1702 1427 charitas
1716 1398 1830 1435 perfec-

1047 1449 1121 1483 tior,
1136 1451 1216 1477 tanto
1239 1449 1368 1482 acutior,
1385 1450 1413 1475 et
1428 1448 1466 1475 ad
1481 1448 1583 1475 intima
1597 1447 1783 1483 pertingens,
1799 1446 1832 1472 ut

1047 1498 1128 1531 patet
1146 1504 1199 1532 per
1214 1494 1421 1530 Hugoncm¹²z
1439 1495 1508 1522 ideo
1525 1493 1688 1521 intimiores
1713 1494 1741 1520 et
1764 1500 1830 1528 per-

1047 1543 1185 1570 fectiores
1201 1542 1277 1570 elicit
1293 1545 1383 1569 actus.

1084 1589 1214 1617 Primum
1230 1589 1319 1624 igitur
1334 1588 1452 1623 signum
1474 1587 1663 1615 intrinsecum
1685 1585 1832 1614 charitatis

1048 1635 1183 1671 perfectae
1196 1657 1204 1669 ‚
1235 1638 1302 1663 sunt
1334 1635 1485 1671 protunda
1513 1636 1540 1661 et
1573 1634 1676 1661 intima
1705 1632 1833 1668 suspiria

1049 1683 1164 1710 mentis.
1180 1682 1261 1709 Ratio
1278 1682 1367 1716 hujus
1385 1681 1462 1716 signi
1477 1683 1570 1717 potest
1584 1688 1646 1708 esse
1660 1680 1724 1707 talis
1736 1700 1744 1714 ,
1761 1679 1832 1715 quia

1049 1729 1172 1765 quando
1206 1729 1352 1756 memoria
1385 1728 1426 1756 rei
1461 1730 1565 1755 amatae
1595 1726 1698 1754 intima
1726 1726 1832 1754 mentis

1049 1776 1175 1804 amantis
1196 1776 1306 1811 tangit,
1326 1775 1423 1802 statim
1446 1774 1572 1810 suspiria
1587 1781 1726 1801 amorosa
1747 1773 1832 1809 quasi

1049 1823 1198 1858 quosdam
1218 1823 1337 1850 nuntios
1361 1821 1471 1849 amoris
1493 1821 1629 1857 expellit,
1653 1820 1749 1847 donec
1768 1828 1834 1847 eam

1048 1870 1204 1906 praesentia
1224 1869 1323 1897 dilecti
1345 1869 1456 1903 visitet,
1478 1871 1505 1896 et
1526 1868 1591 1895 visu
1614 1867 1735 1895 reficiat.
1754 1867 1834 1894 Unde

1049 1917 1204 1951 Gregorius
1217 1938 1224 1950 ‚
1254 1917 1357 1952 quinto
1385 1916 1460 1943 libro
1485 1916 1649 1948 Moralium,
1682 1914 1834 1941 adducens

1049 1964 1124 1991 illud
1135 1964 1189 1991 Job
1204 1965 1222 1980 '³
1237 1973 1243 1990 :
1260 1965 1412 1998 Antequam
1424 1963 1567 1995 comestum,
1577 1964 1695 1996 suspiro,
1706 1960 1777 1988 dicit
1792 1961 1811 1977 ι’·
1824 1970 1831 1988 z

1052 2022 1065 2037 «
1082 2013 1160 2039 Mens
1175 2011 1214 2038 acl
1229 2011 1452 2047 inspirationem
1468 2009 1593 2044 fulgoris
1609 2008 1722 2040 intimi,
1737 2008 1832 2043 suspi-

1049 2058 1099 2084 riis
1115 2060 1258 2092 vegetata,
1276 2057 1465 2091 convalescit,
1483 2056 1555 2092 quia
1571 2064 1637 2083 eam
1652 2063 1737 2082 amor
1753 2054 1831 2082 veri-

1050 2104 1115 2131 tatis
1130 2104 1233 2138 afficit,
1258 2106 1285 2132 et
1312 2104 1430 2131 refectio
1452 2102 1709 2138 contemplationis
1728 2102 1831 2137 pascit.

1050 2151 1176 2186 Tepidus
1192 2152 1289 2178 autem
1305 2158 1390 2178 amor
1404 2150 1461 2177 hoc
1475 2157 1536 2177 non
1551 2149 1646 2176 facere
1659 2150 1763 2184 potest,
1779 2147 1832 2175 sed

1051 2205 1136 2225 amor
1149 2197 1304 2233 perlectus.
1322 2208 1335 2223 »
1359 2199 1438 2224 Patet
1453 2205 1534 2231 ergo,
1552 2196 1635 2231 quod
1650 2195 1753 2223 intima
1768 2203 1832 2222 sus-

1050 2244 1127 2279 piria
1142 2246 1210 2271 sunt
1228 2244 1345 2279 signum
1365 2243 1681 2279 charitatispert‘ectae,
1700 2244 1732 2269 ut
1752 2241 1832 2268 idem

1052 2293 1080 2318 et
1094 2290 1257 2318 Richardus
1272 2291 1290 2307 ¹⁵
1307 2291 1386 2318 dicit.

1087 2337 1256 2364 Secundum
1279 2338 1397 2372 signum
1423 2336 1571 2364 charitatis
1596 2335 1741 2371 perfectae,
1766 2336 1833 2362 sunt

1052 2383 1111 2411 alta
1126 2384 1283 2412 desideria.
1305 2384 1387 2412 Ratio
1414 2384 1495 2411 istius
1517 2383 1591 2418 signi
1613 2385 1674 2417 est,
1691 2383 1761 2418 quia
1778 2384 1833 2409 Au-

1053 2431 1186 2465 gustinus
1197 2453 1205 2465 ,
1234 2431 1312 2459 libro
1340 2431 1426 2458 tertio
1455 2430 1573 2458 decimo
1607 2430 1811 2462 Confessionum
1823 2449 1831 2462 ‚

1053 2477 1123 2505 dicit
1140 2479 1161 2496 ¹⁶
1180 2487 1186 2505 :
1206 2488 1220 2504 ιι
1233 2478 1339 2506 Omnia
1359 2477 1543 2514 ponderibus
1564 2476 1623 2504 suis
1646 2477 1789 2510 aguntur,
1806 2476 1834 2502 et

1053 2569 1108 2593 cap.
1126 2564 1190 2593 sept.
1210 2562 1299 2593 Anyel.
1315 2563 1395 2591 Hier„
1411 2562 1454 2586 lib.
1471 2563 1526 2586 Vll.
1545 2575 1574 2579 —
1591 2562 1608 2575 ¹³
1622 2560 1675 2587 Iob,
1693 2565 1732 2589 111,
1748 2560 1786 2583 21.
1803 2572 1833 2578 -

1055 2599 1073 2615 ’δ
1094 2599 1180 2629 Greg,
1208 2599 1312 2627 Mor-alt,
1337 2599 1380 2622 lib.
1403 2599 1434 2628 V,
1456 2604 1479 2621 c-
1503 2604 1547 2621 vn.
1569 2610 1597 2615 -—
1616 2597 1633 2613 ¹⁵
1654 2595 1785 2625 menard„
1803 2595 1833 2619 (le

1053 2634 1130 2658 Grczcl.
1155 2634 1253 2658 (viarm.
1276 2634 1348 2661 Viol..
1370 2642 1423 2659 non
1442 2634 1517 2664 longe
1538 2641 1552 2657 a
1572 2633 1654 2663 princ.
1669 2645 1700 2651 -
1723 2632 1743 2648 ¹⁸
1756 2633 1832 2663 Augq

1055 2670 1138 2700 Confi,
1154 2670 1198 2693 lib.
1215 2671 1282 2700 tht,
1297 2678 1318 2694 c.
1337 2677 1372 2694 ix.
