2004 3037
15 1067 48 1087 De
57 1071 120 1086 reve-

28 1097 110 1118 latione

13 1127 121 1149 sensibili.

641 186 692 220 DE
713 184 860 224 QUINTO
882 185 1052 218 lTlNERE.
1077 186 1176 219 DlST.
1200 187 1253 219 ΙΙΙ.

139 255 374 285 intellectualiter
391 255 580 290 viventibus,
594 256 627 284 ut
641 254 680 292 (a)
693 253 762 282 filiis
776 253 865 282 lsrael
880 252 918 282 de

140 303 265 339 AEgypto
281 303 369 339 hujus
384 302 490 332 mundi
504 301 696 334 exeuntibus,
707 301 771 337 jam
788 300 918 328 intellec-

139 349 255 378 tualiter
275 350 509 379 ambulantibus.
533 350 567 378 Et
586 349 649 378 hoec
666 347 809 377 revelatio
823 347 863 376 ad
878 355 919 376 ce-

139 397 403 433 ternaintroducit‚
418 399 452 426 ut
465 398 572 433 quarto
588 395 681 432 capite
696 394 819 431 patebit.

174 444 269 473 Tertia
299 444 442 473 revelatio
475 445 518 472 est
552 440 846 479 superintellectualis
857 461 866 476 ,
892 443 920 470 et

138 491 201 520 haec
219 493 332 520 tantum
349 491 383 519 fit
404 491 493 520 unitis
511 489 660 519 mentibus
671 509 680 523 ,
696 490 724 517 et
742 487 866 524 egressis
881 487 919 516 de

139 539 280 575 AEgypto‚
297 540 325 567 et
338 538 369 566 in
383 537 576 566 interioribus
593 536 700 564 deserti
715 535 918 569 existentibus,

138 587 170 613 ut
190 585 292 622 Moysi.
314 586 346 613 Et
366 585 429 613 haec
450 584 592 613 revelatio
615 582 767 611 oeternitati
785 582 865 614 unit,
887 584 920 610 ut

138 632 251 665 patebit
269 631 362 665 infra,
383 631 479 668 capite
500 631 614 668 quinto.
635 632 705 660 Istas
722 630 919 658 revelationes

138 687 223 708 mens
237 679 372 716 percipit,
387 687 455 715 quoe
469 679 499 707 in
509 679 620 707 intimis
635 680 663 706 et
676 677 743 706 imis
759 680 834 706 stare
849 685 918 705 con-

137 726 250 762 suevit,
267 726 308 754 ait
327 726 499 754 RicharduS.
522 727 555 754 Et
573 725 614 753 sic
634 726 715 762 patet
735 725 919 760 secundum,

137 772 248 802 scilicet
262 773 389 810 qualiter
402 773 544 802 revelat10
561 772 767 809 distinguatur.

360 869 604 903 DISTINCTIO
632 869 689 902 111.

139 941 264 974 Qualiter
274 949 326 977 per
338 941 490 969 sensibilem
504 941 695 969 revelationem
709 942 822 976 spiritus
832 943 920 969 noster

262 986 299 1013 ad
311 994 445 1014 accessum
460 988 623 1014 aeternorum
640 987 791 1014 alliciatur.

170 1054 265 1082 Tertio
279 1054 446 1083 videndum
467 1056 510 1083 est
528 1054 566 1083 de
582 1055 716 1091 qualibet
734 1055 858 1084 istarum
872 1063 917 1083 re·

135 1100 328 1129 velationum.
359 1103 391 1129 Et
419 1101 517 1138 primo
547 1101 584 1129 de
611 1101 764 1137 sensibili,
792 1101 919 1137 qualiter

136 1147 253 1184 spiritus
275 1150 374 1176 noster
396 1156 448 1184 per
470 1156 536 1176 eam
554 1148 594 1177 ad
613 1156 764 1176 accessum
785 1148 819 1185 (b)
836 1150 918 1177 aeter-

135 1204 245 1224 norum
263 1196 417 1225 alliciaffir.
435 1198 474 1224 De
497 1205 557 1233 qua
575 1196 743 1225 notandum
763 1198 821 1232 est,
838 1197 919 1233 quod

134 1243 196 1272 haec
215 1244 358 1272 revelatio
378 1244 410 1272 fit
427 1244 508 1280 plebi
531 1244 703 1280 simpliciter
726 1244 856 1279 viventi,
880 1245 918 1273 de

134 1292 260 1327 AEgypto
287 1291 443 1327 temporali
469 1291 533 1326 jam
561 1291 641 1319 exire
669 1291 850 1319 desideranti
878 1292 918 1320 ad

134 1339 245 1366 terram
261 1337 414 1374 promissae
436 1338 613 1366 aeternitatis.
633 1340 664 1366 Et
678 1338 740 1366 haec
754 1338 896 1366 revelatio
911 1359 918 1373 ‚

136 1386 169 1412 ut
189 1384 259 1412 dicit
276 1384 457 1420 Richardus‚
469 1385 579 1413 scilicet
597 1385 754 1419 sensibilis,
770 1385 803 1413 fit
817 1385 917 1421 dupli-

135 1431 217 1460 citer.
233 1431 276 1460 Fit
290 1432 370 1459 enim
384 1432 568 1468 quandoque
588 1440 642 1468 per
656 1433 741 1468 signa
755 1432 917 1467 sensibilia,

135 1480 167 1507 ut
189 1479 312 1515 quando
335 1488 382 1507 res
403 1479 521 1507 videtur
551 1480 759 1516 corporalibus
781 1480 917 1508 sensibus

135 1527 227 1560 extra,
244 1527 357 1562 absque
369 1526 586 1562 significatione
600 1527 734 1563 mystica,
745 1528 778 1554 ut
792 1527 918 1555 Pharao-

135 1572 180 1600 nis
195 1572 228 1609 (c)
246 1575 272 1601 et
287 1573 477 1608 hujusmodi,
494 1574 545 1610 qui
560 1574 678 1601 nullum
692 1582 812 1602 sensum
832 1574 918 1610 spiri-

135 1620 248 1647 tualem
266 1620 314 1647 vel
335 1621 495 1656 mysticum
514 1621 733 1649 intellexerunt.
752 1623 785 1649 Et
799 1621 840 1649 sic
855 1630 916 1650 non

135 1666 190 1695 fuit
205 1667 346 1695 revelatio
357 1667 435 1696 facta
449 1668 516 1703 illis,
533 1668 604 1704 quia
617 1668 696 1696 ultra
710 1676 829 1696 sensum
842 1669 916 1697 nihil

135 1713 353 1742 manifestatum
372 1714 436 1742 fuit.
461 1716 508 1743 Est
529 1717 556 1743 et
576 1715 635 1744 alia
657 1715 797 1744 revelatio
821 1716 914 1744 sensi-

135 1759 223 1795 bilis,
244 1761 307 1788 sive
331 1760 406 1789 visio
430 1761 612 1797 corporalis,
633 1771 700 1798 quae
722 1762 755 1791 fit
780 1763 916 1791 sensibus

135 1807 346 1842 exterioribus,
362 1810 394 1836 ut
409 1808 531 1844 quando
547 1817 594 1836 res
607 1809 747 1837 videntur
759 1809 791 1837 in
806 1809 915 1846 quibus

134 1853 206 1883 latet
217 1854 394 1889 significatio
409 1855 547 1891 mystica,
558 1856 655 1891 qualis
669 1856 745 1884 facta
758 1856 813 1884 fuit
826 1856 915 1893 patri-

134 1901 191 1928 bus
204 1901 311 1928 veteris
325 1901 399 1936 legis
415 1904 442 1929 et
452 1909 545 1936 novae,
559 1904 591 1930 ut
606 1903 717 1931 dictum
727 1904 778 1938 est,
796 1906 823 1931 et
834 1905 915 1940 patet

133 1955 187 1983 per
208 1947 381 1983 Dionysium
402 1948 428 1983 ²5
451 1948 501 1984 qui
526 1950 667 1985 mysteria
694 1952 858 1985 noverunt,
883 1952 915 1979 ut

133 1994 299 2027 Abraham,
314 1995 393 2022 isaac
409 1996 437 2022 et
455 1995 546 2023 Jacob
560 2016 567 2028 ,
583 1997 636 2023 etc.
653 1997 813 2024 Necessitas
826 1997 914 2032 hujus

132 2041 322 2069 revelationis
335 2041 406 2074 fuit,
426 2043 458 2069 ut
475 2042 545 2069 dicit
564 2042 720 2078 Dionysius
739 2043 770 2070 in
789 2043 914 2079 epistola

133 2087 172 2115 ad
194 2087 299 2122 Titum,
325 2098 338 2113 ι(
353 2089 386 2115 ut
406 2088 511 2123 homo,
535 2089 587 2125 qui
603 2091 716 2117 constat
737 2098 772 2117 ex
796 2090 914 2118 duabus

132 2134 260 2168 naturis,
280 2134 381 2163 anima
403 2135 513 2163 scilicet
532 2136 685 2170 rationali,
706 2144 773 2173 quae
787 2136 913 2173 simplex

132 2183 174 2209 est
198 2180 229 2208 in
254 2181 395 2215 essentia,
421 2184 448 2210 et
474 2190 600 2218 corpore
623 2183 806 2219 composito,
827 2184 913 2219 juxta

131 2227 284 2264 utriusque
294 2230 406 2256 naturae
417 2229 628 2265 proprietatem
643 2230 826 2259 illuminetur
837 2231 912 2259 divi-

131 2275 176 2303 nis
197 2275 434 2310 cognitionibus,
457 2278 487 2303 ut
507 2278 534 2304 et
561 2284 645 2305 mens
665 2278 728 2313 ejus
749 2286 857 2314 puras,
885 2281 912 2307 et

130 2322 294 2358 simplices,
312 2324 340 2350 et
355 2322 473 2350 intimas
491 2322 646 2359 signorum
667 2325 853 2353 sensibilium
868 2325 911 2353 in-

130 2369 305 2404 telligentias
320 2371 472 2404 segregate
491 2370 529 2397 ab
544 2370 615 2406 ipsis
631 2371 722 2406 signis
737 2372 910 2408 conspiciat,

130 2418 158 2444 et
172 2416 345 2444 sensualitas
359 2416 492 2451 ejusdem
508 2425 561 2452 per
572 2420 683 2446 naturae
698 2420 909 2455 proprietatem

130 2466 279 2499 coaptetur
299 2463 421 2492 mentali
440 2464 616 2501 cognitioni,
635 2468 662 2494 et
687 2466 728 2494 sic
749 2467 789 2495 ad
808 2467 909 2495 divina

163 2549 168 2564 ¹
183 2547 312 2577 menard„
326 2548 368 2572 ubi
379 2555 436 2579 sup.
450 2562 480 2566 —
494 2549 502 2563 ²
519 2550 605 2580 Dion„
616 2550 645 2574 tle
658 2551 719 2576 Coel.
734 2552 815 2582 Hier„
834 2560 856 2577 c.
873 2559 906 2577 lv,

128 2597 158 2602 -
172 2584 181 2599 ³
197 2585 271 2615 Aug„
286 2583 316 2607 (le
337 2584 395 2610 Per,
408 2585 498 2615 Relty„
517 2592 539 2609 ci
559 2592 636 2616 xxix,
653 2594 680 2612 n.
696 2589 734 2612 52.
750 2600 782 2605 —
800 2588 811 2605 ⁴
827 2589 907 2620 Rom„

128 2627 146 2650 1,
157 2622 195 2644 20.
207 2619 356 2648 —5Eoeocl.,
371 2625 411 2650 111,
428 2622 464 2644 15.
477 2634 507 2638 -
521 2622 620 2652 ὅ.Ιοιιη.,
634 2628 689 2653 v1u,
702 2625 781 2648 580-
793 2625 801 2639 ’
814 2624 906 2656 Eam„

1699 191 1758 221 459

974 253 1160 283 extendatur.
1187 265 1201 282 n
1228 257 1292 284 flaec
1315 256 1376 286 ille.
1400 259 1433 287 Et
1456 257 1623 286 secundum
1645 258 1758 292 Augus-

975 300 1079 336 tinum,
1093 302 1125 330 dc
1143 302 1214 331 Vera
1228 304 1368 339 Rclz'qione
1383 306 1408 337 θ,
1426 304 1467 332 sic
1482 305 1492 322 ⁴
1507 305 1662 332 inuisibilia
1675 305 1726 331 Dei
1741 312 1760 332 a

974 351 1102 377 creatura
1117 351 1215 378 mundi
1226 358 1278 386 per
1292 359 1341 387 ea,
1357 360 1416 387 quae
1430 353 1506 386 facta
1520 353 1602 384 sant,
1621 351 1759 379 intellecta

974 397 1196 432 conspiciuntur,
1219 400 1245 425 et
1266 400 1431 434 sempiterna
1455 399 1513 434 ejus
1532 400 1620 427 virtus
1641 399 1667 426 et
1688 398 1759 426 divi-

974 444 1059 471 nitas.
1087 444 1119 472 Et
1141 443 1205 472 haec
1229 446 1272 472 est
1298 453 1316 473 a
1341 445 1556 481 temporalibus
1581 445 1620 473 ad
1646 446 1758 473 aeterna

973 490 1134 526 regressio,
1153 493 1180 519 et
1195 499 1232 519 cx
1246 491 1307 519 vita
1323 492 1430 520 veteris
1449 491 1579 520 hominis
1598 492 1630 520 in
1643 499 1757 520 novum

973 535 1128 565 hominem
1144 537 1316 567 reformatio
1332 538 1380 574 (d),
1407 539 1478 575 quia
1498 539 1561 575 jam
1585 539 1759 567 sensualitas

975 584 1110 612 ordinate
1122 588 1299 621 cooperatur
1311 586 1473 622 cognitioni
1486 586 1618 614 mentali.
1629 587 1696 614 Haec
1712 594 1757 614 re-

973 631 1083 659 velatio
1099 632 1247 660 sensibilis
1264 632 1341 661 facta
1355 633 1409 660 fuit
1422 632 1525 669 Moysi,
1542 641 1611 661 cum
1626 633 1663 661 de
1678 632 1757 662 rubo

974 677 1091 706 ardenti
1113 679 1256 707 Dominus
1279 679 1335 708 sibi
1356 679 1534 708 sensibiliter
1561 680 1699 717 apparuit
1726 679 1758 709 in

973 725 1108 760 subiecta
1121 728 1266 761 creatura,
1281 729 1309 755 et
1322 726 1397 755 dixit
1410 727 1480 755 filiis
1493 727 1592 762 lsrael,
1609 727 1710 755 dicens
1719 727 1730 744 ⁶
1748 736 1754 755 :

973 772 1030 807 Εῃο
1053 781 1112 800 sam
1135 774 1208 801 Deus
1231 773 1392 809 Abraham,
1416 775 1492 802 Isaac
1517 776 1542 802 et
1567 774 1648 802 Jacob
1673 781 1683 801 :
1711 774 1758 801 hoc

973 827 1067 847 nomen
1088 820 1160 847 mihi
1181 822 1220 847 est
1240 823 1271 848 τη
1293 822 1430 849 aternum.
1452 822 1484 850 In
1505 821 1561 850 hac
1576 820 1759 849 revelatione

974 866 1107 895 sensibili
1135 866 1263 895 ostendit
1297 869 1440 896 Dominus
1468 868 1569 904 ignem
1597 866 1759 896 divinitatis

973 914 1142 942 uniendum
1156 922 1224 942 cum
1243 915 1321 943 rubo
1345 915 1551 949 humanitatis,
1566 915 1597 942 in
1613 923 1673 951 qua
1687 915 1758 943 Ver-

974 960 1048 988 bum
1061 963 1219 998 paternum
1231 962 1360 990 ostendit
1375 971 1460 990 suam
1474 962 1647 990 sensibilem
1661 961 1757 989 deno-

973 1008 1179 1044 minationem,
1191 1008 1222 1036 in
1236 1017 1296 1046 qua
1312 1009 1464 1045 conjungit
1477 1011 1586 1038 aeterna
1601 1016 1670 1037 cum
1684 1010 1758 1036 tem-

973 1055 1148 1092 poralibuS‚
1178 1056 1342 1092 spiritualia
1372 1056 1597 1093 corporalibus,
1630 1055 1758 1092 patriam

974 1101 1127 1135 exulibus,
1149 1110 1218 1130 cum
1237 1102 1329 1131 dicit:
1349 1105 1406 1138 1390
1425 1111 1483 1131 sam
1510 1104 1578 1131 Deus
1600 1103 1758 1135 Abraham,

973 1149 1060 1184 Isaac,
1077 1152 1102 1177 et
1114 1150 1204 1178 Jacob.
1217 1151 1285 1185 E90,
1296 1150 1404 1187 inquit,
1414 1159 1484 1184 sum,
1496 1150 1566 1187 quia
1581 1158 1644 1178 esse
1658 1157 1760 1177 meum

973 1198 1117 1225 aeternum
1132 1199 1160 1224 et
1178 1197 1364 1226 immutabile
1387 1199 1439 1226 est.
1460 1197 1547 1231 Quod
1562 1196 1650 1225 etiam
1665 1198 1762 1224 osten-

975 1243 1018 1272 dit
1037 1243 1193 1278 Dominus,
1209 1243 1311 1272 dicens
1324 1245 1333 1261 ⁶
1352 1253 1358 1272 τ
1382 1245 1537 1280 Antequam
1560 1244 1698 1271 Abraham
1716 1245 1764 1278 fie-

973 1293 1024 1323 ret,
1041 1299 1087 1326 eqo
1101 1299 1171 1319 sum.
1183 1292 1216 1319 Et
1230 1291 1301 1319 dicit
1316 1291 1514 1327 Hieronymus
1524 1291 1564 1320 ad
1578 1290 1762 1319 Marcellam:

976 1347 991 1364 «
1007 1339 1082 1366 Deus
1093 1359 1102 1373 ,
1118 1338 1170 1374 qui
1192 1338 1353 1366 exordium
1367 1340 1481 1367 naturae
1495 1346 1557 1366 non
1570 1338 1677 1372 habet,
1692 1345 1762 1365 vere

973 1392 1086 1413 nomen
1108 1385 1240 1413 essentiae
1261 1385 1378 1414 tenuit⁷
1397 1394 1404 1413 :
1422 1386 1478 1420 qu
1499 1393 1558 1412 sum
1577 1385 1649 1412 Deus
1672 1384 1760 1412 Abra-

973 1431 1053 1464 ham,
1069 1434 1145 1460 Isaac
1162 1435 1187 1460 et
1201 1433 1293 1460 Jacob.
1317 1433 1389 1460 Deus
1404 1435 1503 1461 autem
1521 1433 1531 1449 ⁸
1545 1440 1612 1460 sum
1626 1434 1760 1468 vivorum,

972 1486 1025 1507 non
1039 1481 1218 1507 mortuorum.
1235 1481 1291 1515 qu
1307 1488 1366 1507 sum
1386 1481 1456 1507 Deus
1471 1479 1628 1512 Abraham,
1643 1480 1720 1506 Isaac
1737 1482 1762 1507 et

972 1526 1063 1554 Jacob.
1084 1528 1159 1561 Ergo
1183 1526 1349 1562 Abraham,
1369 1528 1450 1554 Isaac
1471 1528 1499 1554 et
1519 1526 1611 1554 Jacob
1631 1525 1759 1554 vivunt:

972 1573 1025 1601 sed
1039 1581 1101 1601 non
1116 1573 1222 1601 vivunt
1242 1573 1273 1600 in
1288 1573 1447 1609 temporali
1469 1573 1685 1607 mutabilitate,
1700 1580 1762 1601 non

973 1619 1054 1648 exilii
1075 1620 1164 1655 hujus
1182 1620 1350 1648 calamitate
1362 1640 1371 1654 ,
1388 1620 1441 1648 sed
1456 1622 1564 1647 aeterna
1580 1619 1761 1655 hereditate,

973 1667 1045 1703 quia
1059 1667 1069 1684 ⁹
1088 1676 1093 1694 :
1111 1668 1214 1696 Nomen
1229 1667 1275 1694 hoc
1289 1668 1359 1694 mihi
1378 1669 1407 1694 in
1423 1670 1553 1695 aeternum
1569 1669 1617 1694 est.
1634 1669 1710 1695 Dz'ces
1721 1666 1759 1704 (e)

973 1722 1032 1748 erqo
1046 1715 1114 1748 filiis
1135 1715 1220 1747 Israel
1238 1722 1248 1741 .·
1262 1715 1320 1749 qu
1340 1722 1400 1742 sam
1420 1716 1490 1742 Deus
1512 1714 1668 1748 Abraham,
1684 1715 1761 1742 Isaac

971 1764 997 1789 ct
1011 1762 1109 1797 Jacob,
1125 1769 1177 1789 eos
1199 1760 1359 1789 alliciendo
1380 1763 1412 1789 ut
1436 1769 1473 1789 ex
1498 1763 1625 1798 AEgypto
1646 1764 1761 1798 tempo-

971 1808 1041 1842 rali,
1058 1808 1245 1844 corruptibili
1270 1810 1298 1836 et
1317 1807 1477 1844 peregrina
1497 1809 1705 1844 egrediantur,
1721 1809 1761 1837 ad

972 1857 1081 1884 terram
1102 1855 1273 1884 hereditatis
1295 1855 1430 1891 patribus
1454 1856 1633 1891 promissam
1657 1858 1686 1884 et
1707 1857 1758 1884 da-

971 1904 1047 1938 tam,
1075 1904 1200 1937 terram,
1227 1902 1372 1939 inquam,
1398 1905 1514 1930 aeternae
1540 1903 1706 1931 stabilitatis
1733 1906 1761 1932 et

970 1949 1120 1984 veritatis,
1143 1952 1252 1977 terram
1278 1951 1396 1977 :eternae
1417 1949 1608 1977 beatitudinis
1632 1951 1660 1977 et
1679 1950 1761 1978 bere-

972 1996 1080 2025 ditatis.
1096 2006 1110 2022 »
1133 1998 1221 2030 Nam,
1237 1998 1270 2024 ut
1289 1996 1361 2024 dicit
1378 1997 1557 2031 Augustinus
1574 1997 1594 2013 ¹⁰
1612 2007 1618 2023 :
1639 2006 1652 2022 ι(
1672 1999 1760 2025 Natus

972 2045 1014 2071 est
1030 2043 1118 2071 nobis
1142 2042 1269 2070 Christus
1293 2042 1324 2070 in
1351 2043 1493 2078 temporis
1516 2042 1701 2077 mobilitate,
1726 2045 1758 2071 ut

970 2098 1026 2118 nos
1040 2089 1184 2126 perducat
1204 2089 1243 2117 ad
1263 2089 1353 2117 Patris
1371 2089 1574 2117 aeternitatem.
1598 2091 1700 2118 Factus
1716 2092 1759 2118 est

970 2137 1047 2165 Deus
1060 2137 1165 2171 homo,
1175 2136 1310 2164 uthomo
1321 2136 1404 2164 fieret
1419 2138 1503 2164 DeuS.
1520 2146 1533 2163 »
1551 2137 1653 2164 Veniat
1668 2137 1757 2172 igitur

969 2184 1062 2213 modo
1077 2191 1140 2212 non
1156 2183 1349 2219 corporaliter
1360 2204 1368 2218 ,
1386 2184 1439 2211 sed
1459 2183 1625 2212 mentaliter
1639 2193 1757 2212 memo—

969 2232 1013 2260 ria
1037 2233 1146 2259 aeterna
1169 2230 1347 2265 cogitando,
1366 2231 1456 2266 quia,
1480 2231 1556 2259 sicut
1575 2232 1756 2267 Augustinus

970 2279 1040 2307 dicit
1057 2278 1077 2296 ¹¹
1093 2287 1100 2306 :
1120 2280 1222 2306 «Cum
1242 2280 1351 2305 {eterna
1374 2277 1553 2313 cogitamus,
1573 2286 1635 2306 non
1655 2287 1757 2306 sumus

968 2327 1000 2354 in
1017 2326 1075 2354 hoc
1101 2325 1236 2360 mundo,
1263 2333 1354 2360 quem
1377 2325 1440 2360 jam
1463 2326 1712 2354 transcendimus.
1740 2337 1753 2352 n

967 2372 1071 2401 Veniat
1091 2372 1179 2400 etiam
1199 2371 1361 2399 intellectui
1382 2374 1491 2400 aeterna
1511 2372 1756 2409 contemplando,

968 2420 1050 2457 quia,
1062 2420 1137 2448 sicut
1154 2420 1185 2455 (e)
1202 2418 1376 2454 Gregorius,
1397 2419 1642 2454 duodevigesimo
1663 2420 1755 2447 Mora·
1773 2430 1775 2432 ¹

968 2509 987 2524 Ν
1003 2508 1076 2538 Aug,
1094 2506 1124 2530 cle
1138 2506 1225 2530 Natio.
1242 2505 1325 2535 Dona,
1343 2511 1420 2530 serm.
1441 2511 1477 2536 1x,
1492 2505 1519 2529 in
1534 2505 1616 2536 princ.
1630 2517 1661 2524 -
1673 2505 1689 2520 ¹¹
1707 2504 1753 2535 1d.‚

966 2543 996 2568 de
1012 2542 1173 2573 Trinit.‚lib.
1190 2542 1232 2572 lv,
1252 2548 1273 2565 c.
1290 2547 1355 2565 xvii.

999 2591 1031 2621 (a)
1051 2590 1111 2614 Caet.
1127 2589 1187 2613 ellit.
1204 2588 1238 2612 in.
1250 2601 1281 2606 ·-
1297 2588 1330 2618 (b)
1348 2589 1406 2612 Item
1424 2595 1567 2612 excessum.
1583 2600 1614 2605 ——
1631 2588 1660 2617 (c)
1678 2587 1753 2611 Forte

966 2626 1060 2657 leyeml.
1074 2625 1243 2650 Pharaoni.—
1255 2624 1291 2655 (d)
1304 2624 1363 2648 (ἀί,
1379 2625 1439 2648 eclz't.
1454 2624 1502 2648 hic.
1516 2624 1573 2647 (ald.
1591 2624 1652 2647 Haec
1669 2623 1753 2647 ille.—

127 2662 166 2687 111,
182 2658 204 2680 6.
225 2668 251 2672 —
275 2656 283 2669 ⁸
300 2655 401 2686 Manli„
423 2662 496 2687 ΠΗ,
517 2659 557 2682 32.
575 2671 606 2676 -
623 2659 632 2673 ⁹
649 2659 740 2690 Exod„
756 2666 804 2690 111,
822 2663 858 2685 ¹5.
877 2673 907 2680 —-
963 2663 994 2693 (e)
1008 2663 1068 2686 Item
1083 2662 1185 2686 Dicens.
1198 2672 1228 2679 —
1242 2660 1276 2690 (s)
1292 2660 1353 2685 Gaet.
1369 2660 1429 2684 edit.
1446 2667 1493 2684 non
1508 2659 1599 2684 habent
1614 2659 1688 2684 sicut.
