2004 3037
656 198 741 231 CAP.
765 198 803 230 Π.
828 196 1054 230 PARTIGULA
1075 199 1128 231 ΙΙΙ.
1661 215 1699 243 49

363 300 475 333 Septima
489 302 590 333 petitio.

123 355 177 384 Sed
191 356 279 385 libera
293 365 340 386 nos
355 365 373 386 α
386 359 472 394 malo,
484 359 579 388 Amen.
596 360 668 388 Petit
682 360 730 389 hic
743 360 865 388 liberari

89 409 107 430 a
120 401 220 430 multis
233 403 432 440 pronitatibus
442 405 637 435 excitantibus
649 407 689 435 ad
699 408 864 444 peccatum,

88 448 160 485 quia
184 457 254 478 cum
275 458 365 487 supra
389 459 510 480 omnem
532 453 757 482 {estimationem
781 461 866 482 mens

88 496 353 532 experimentaliter
372 497 493 535 edocta,
507 500 547 528 ad
563 500 743 529 intimiorem
758 501 866 529 unitio-

87 550 158 571 nem
176 543 298 580 aspiret,
316 546 344 572 et
361 544 401 573 ad
420 545 561 575 dilectum
578 555 665 575 suum
685 555 802 576 sursum
816 547 865 583 agi

88 589 235 619 desideret
240 600 249 626 ;
264 592 365 619 tamen
385 593 584 630 quandoque,
600 595 714 623 ratione
732 594 866 631 corporis

87 636 240 672 terrestris,
258 639 287 666 et
300 638 396 666 carnis
410 638 599 676 inimicantis,
615 641 733 677 spiritus
748 648 866 669 sursum

87 683 196 711 actioni
217 683 345 713 intentus
363 693 382 713 a
396 685 476 714 coelis
496 687 535 714 ad
554 695 695 716 sensuum
709 688 866 724 concupis-

87 729 188 758 cibilia
199 731 367 767 appetenda
381 732 564 769 obliquatur,
580 736 608 762 et
622 735 806 771 quandoque
821 735 865 763 ni-

86 778 150 804 tens
164 785 253 814 supra
267 786 298 806 se
313 779 456 815 erigendo
468 780 602 809 habitare
618 789 671 817 per
686 789 819 810 amorem
834 782 865 810 in

87 824 173 860 coelo,
189 825 372 862 quandoque
381 826 496 854 invenit
509 836 539 855 se
555 836 608 863 per
620 828 820 864 cognitionem
835 829 865 856 in

86 870 160 900 luto.
175 872 248 906 Quia
263 881 334 908 ergo
349 873 406 901 hoc
427 874 631 902 execrabiliter
650 875 820 910 detestatur,
834 877 867 904 ut

86 924 186 953 mens,
202 927 268 955 quae
281 921 324 947 est
338 920 426 948 totius
440 920 585 949 Trinitatis
599 923 779 957 sacrarium,
797 922 866 950 lihi—

87 963 210 993 dinosas
223 965 421 994 allocutiones
432 967 564 1002 recipiat,
575 968 623 995 vel
635 968 675 996 ad
688 968 770 996 aliud
783 969 867 997 inve-

85 1011 215 1040 recunde
236 1019 273 1040 ex
295 1012 510 1041 deliberatione
531 1021 561 1041 se
581 1014 720 1050 inclinet,
744 1018 866 1052 propter

86 1057 170 1094 quod
189 1066 299 1095 sponso
315 1059 545 1096 contemptibilis
564 1060 719 1097 habeatur,
737 1063 808 1098 petit
826 1063 864 1091 ab

85 1104 146 1133 istis
159 1105 317 1142 multiplici
335 1107 483 1135 desiderio
504 1108 641 1144 liberari,
662 1117 722 1137 non
744 1111 865 1146 propter

84 1159 205 1188 poenam
224 1153 379 1182 vitandam
399 1162 465 1190 quae
489 1154 545 1183 sibi
572 1155 725 1189 debeatur,
750 1157 803 1185 sed
827 1165 864 1185 ne

85 1198 320 1228 obfuscationem
335 1201 474 1236 incurrat,
491 1210 551 1238 qua
570 1203 663 1238 possit
680 1203 711 1230 in
730 1203 832 1240 aliquo
848 1213 866 1232 a

84 1253 139 1273 suo
159 1245 267 1274 dilecto
285 1247 384 1275 minus
402 1248 609 1283 appretinbilis
627 1249 766 1284 judicari.
782 1250 864 1278 Unde

85 1294 212 1328 oportet,
223 1293 307 1329 quod
319 1293 356 1321 ad
372 1294 457 1322 illum
471 1295 723 1330 benignissimum
739 1298 866 1332 Patrem,

83 1345 138 1374 per
152 1347 241 1375 quem
255 1340 337 1368 estin
347 1340 407 1369 vita
418 1341 528 1369 amoris
542 1344 690 1377 generata,
707 1343 748 1370 sic
762 1351 864 1371 aurem

84 1385 206 1414 affectus
220 1386 357 1420 inclinet,
379 1389 407 1415 et
424 1388 545 1416 oculum
566 1389 731 1417 intellectus
752 1391 867 1426 aperiat

84 1431 220 1466 interius,
235 1435 268 1460 ut
281 1435 363 1462 tanto
383 1435 490 1463 ardore
505 1435 671 1463 dilectionis
691 1436 765 1464 Patri
780 1437 865 1473 spiri-

85 1478 157 1506 tuali
172 1479 338 1515 adhaereat,
355 1483 383 1508 et
401 1481 440 1508 ad
459 1482 521 1516 ejus
540 1483 725 1510 mansionem
747 1483 865 1519 aspiret,

85 1527 118 1552 ut
129 1533 184 1560 pro
201 1525 292 1561 ipsius
307 1535 409 1555 amore
425 1527 617 1556 obliviscatur
631 1529 758 1565 patriam
774 1532 801 1557 et
815 1538 864 1565 pa-

84 1573 195 1607 rentes,
217 1574 250 1600 ut
268 1573 330 1600 sine
354 1574 604 1603 contaminatione
631 1576 864 1611 uniuscujusque

85 1618 196 1646 causati
224 1619 344 1647 alterius
375 1620 425 1648 vel
453 1621 561 1655 creati,
590 1622 725 1657 virgineo
756 1623 864 1651 decore

85 1664 247 1699 adornata,
275 1665 317 1693 illi
347 1667 457 1694 coelesti
487 1676 597 1704 sponso
626 1669 864 1704 concupiscibilis

85 1711 241 1746 habeatur,
267 1712 314 1740 cui
332 1713 420 1740 etiam
442 1713 491 1741 ille
511 1714 673 1743 Altissimus
697 1716 864 1743 communi-

85 1757 145 1785 cari
160 1759 295 1793 cupienS,
311 1759 406 1795 ipsam
423 1760 461 1787 ad
476 1760 637 1795 imaginem
657 1770 741 1789 suam
755 1763 865 1790 creavit

86 1812 121 1832 ex
135 1805 245 1840 nihilo,
262 1806 350 1834 totius
368 1807 513 1835 Trinitatis
532 1807 662 1843 imagine
677 1809 863 1844 insignitam,

86 1852 124 1879 ad
139 1852 196 1880 sibi
211 1853 320 1887 solum,
331 1855 391 1881 tam
406 1853 437 1881 in
450 1853 510 1889 via,
521 1862 611 1890 quam
623 1855 653 1882 in
664 1855 769 1891 patria,
781 1856 865 1891 igniti

85 1899 195 1926 amoris
210 1899 389 1935 obsequium
403 1900 649 1936 impendendum.
667 1902 774 1930 Audiat
794 1911 864 1938 ergo

83 1944 189 1979 jugiter
203 1953 256 1981 per
273 1945 364 1974 David
380 1947 556 1982 prophetam
576 1948 668 1984 ipsius
687 1948 865 1977 admonitio-

86 1997 156 2018 nem
177 1991 379 2020 dulcissimam
400 1993 551 2021 invitantis
572 1995 579 2010 ¹
597 2003 603 2021 :
632 1995 721 2028 Audi,
741 1997 815 2030 filia,
840 1999 864 2023 et

87 2037 159 2071 vide,
171 2038 275 2064 inclina
290 2046 381 2065 aurem
398 2041 482 2072 tuam,
495 2042 548 2068 etc.
566 2042 597 2068 Et
611 2041 650 2068 ita
664 2042 865 2077 multiplicatis

86 2082 219 2118 suspiriis
232 2091 286 2119 per
300 2085 409 2112 amoris
429 2085 590 2113 efficaciam
610 2087 743 2121 plenarie
758 2090 866 2123 poterit

87 2129 238 2157 obtinere:
256 2131 328 2166 quia
342 2131 439 2166 prima
453 2132 612 2167 nativitate,
626 2134 748 2168 quando
764 2135 865 2162 anima

86 2175 260 2210 infunditur,
276 2176 329 2204 has
344 2178 549 2213 corruptiones
565 2187 653 2206 carne
668 2179 781 2215 recipit,
797 2181 864 2216 qui-

89 2222 146 2250 bus
159 2230 236 2258 saepe
251 2223 291 2250 ad
305 2223 445 2251 inferiora
458 2225 635 2260 prolabitur.
653 2227 697 2254 Sic
712 2235 727 2255 e
744 2235 866 2255 conver-

87 2277 131 2303 so,
147 2269 277 2297 secunda
291 2270 451 2305 nativitate,
468 2280 528 2306 qua
541 2272 668 2308 perfecte
683 2274 713 2301 in
729 2275 786 2301 Deo
802 2282 866 2302 nas-

89 2315 172 2349 citur,
194 2316 323 2351 perl'ecta
344 2317 454 2351 existit,
475 2318 579 2346 ordine
597 2322 777 2355 praepostero
797 2329 865 2348 caro

89 2361 254 2397 aspergitur
269 2370 286 2389 a
300 2365 397 2390 mente
409 2364 541 2392 interiori
558 2366 753 2401 pinguedine,
770 2369 801 2395 ut
814 2376 867 2403 per

90 2415 181 2442 quam
203 2407 303 2436 anima
331 2409 362 2436 in
390 2410 486 2445 prima
508 2411 658 2440 nativitate
684 2413 778 2441 suerat
801 2422 866 2441 sau-

90 2453 179 2488 ciata,
198 2453 229 2481 in
249 2455 380 2483 secunda
403 2457 466 2491 ejus
489 2458 638 2486 nativitate
659 2462 802 2494 peruncta
825 2460 867 2487 af-

89 2499 166 2527 fectu
177 2501 286 2529 amoris
296 2505 482 2537 unguentum
493 2504 676 2532 odoriferum
689 2505 865 2541 distillantis,

89 2546 171 2581 prius
181 2549 283 2575 contra
293 2548 331 2575 ab
341 2548 406 2584 ipsa
415 2550 537 2586 recipiat
548 2551 717 2579 sanitatem:
730 2555 761 2580 ut
771 2561 866 2588 mens,

124 2609 214 2632 1Ρειιί.
229 2615 299 2640 xmv,
316 2613 353 2634 11.
370 2624 399 2629 —
414 2612 422 2626 ²
436 2612 506 2636 Psul.
525 2619 590 2644 1:511,
607 2616 629 2644 2,
647 2616 715 2638 3.-
729 2628 759 2632 -
773 2615 783 2631 ³
798 2616 866 2640 Pwl,

92 2649 202 2674 xxxvm,
221 2646 243 2669 4.

922 265 1036 294 ratione
1046 266 1223 298 obedientiae
1232 269 1407 300 inferiorum
1414 273 1533 310 virium,
1543 275 1607 311 jam
1616 280 1700 313 parte

921 311 1091 349 reformata,
1105 317 1134 342 et
1147 323 1201 344 suo
1216 316 1403 353 primordiali
1415 320 1563 358 principio
1578 331 1701 353 concor-

922 357 1008 394 dans,
1023 362 1127 395 regnet
1145 361 1175 390 in
1191 370 1278 391 carne
1294 365 1408 393 coelitus
1429 366 1552 396 obtenta
1565 369 1699 407 victoria,

922 412 1033 442 sponso
1049 405 1153 435 laudes
1171 408 1285 437 debitas
1300 410 1472 448 referendo,
1491 414 1627 445 decantet
1645 426 1700 454 pro

923 451 1004 480 dulci
1028 452 1174 483 beneficio
1200 456 1354 493 exaudita,
1381 459 1492 488 scilicet
1517 462 1701 492 immissione

921 496 998 533 ignis
1018 499 1050 527 in
1069 500 1188 537 spiritu,
1212 504 1240 530 et
1259 503 1334 531 roris
1358 505 1389 532 in
1411 514 1499 535 carne
1517 510 1701 544 poenalitatcs

921 543 1014 580 ipsius
1025 545 1142 575 foetidas
1154 548 1362 586 extinguentis,
1373 551 1436 586 jam
1447 553 1545 589 ipsum
1557 563 1701 592 sponsum

921 590 952 618 in
965 591 1071 620 affectu
1085 593 1228 623 libertatis
1243 597 1418 633 possidens,
1435 600 1499 634 Jam
1514 601 1544 629 in
1559 601 1624 631 luce
1639 612 1701 632 am-

921 637 1040 673 bulans,
1050 640 1113 675 jam
1129 641 1166 669 de
1180 650 1286 671 somno
1298 645 1394 672 carnis
1406 651 1595 683 experrectus
1609 650 1701 686 ipsius

921 684 1071 720 subsidio,
1090 687 1153 722 J‘am
1168 689 1207 717 ad
1228 689 1327 726 ipsum
1348 700 1545 731 consurgens,
1566 698 1702 727 attentius

922 732 1024 767 vigilat
1037 734 1145 768 sdicens
1160 736 1189 763 ²:
1209 738 1292 772 Deus,
1307 740 1379 768 Deus
1397 749 1485 777 meus,
1502 743 1538 770 ad
1557 747 1583 772 te
1597 744 1629 772 de
1646 747 1701 773 lucc

921 780 1016 814 vz'qz'lo.
1042 781 1139 809 Sitivz't
1161 785 1191 811 in
1212 787 1251 817 te,
1272 787 1326 814 etc.
1342 787 1414 815 Cum
1436 789 1515 817 enim
1535 790 1599 825 jam
1621 795 1662 820 est
1684 802 1702 821 a

921 827 1141 861 poenalitatibus
1166 829 1309 860 liberatus
1333 833 1471 870 affectus,
1497 839 1528 864 ut
1546 837 1617 873 ipsis
1640 847 1701 867 non

921 872 1087 908 subjaccat,
1102 875 1225 911 vigilare
1242 878 1281 905 ad
1293 879 1417 913 januam
1436 881 1527 918 ipsius
1541 883 1644 921 incipit
1657 894 1701 913 ai·-

923 918 1052 955 dentius,
1069 921 1276 952 affectionibus
1290 927 1530 963 concupiscendo
1545 930 1698 968 intentius,

921 967 954 992 ut
967 966 1006 994 ab
1021 966 1086 1003 ipsa
1100 968 1262 999 intentione
1275 972 1338 1006 J'am
1349 981 1417 1002 caro
1429 975 1515 1004 silere
1529 976 1660 1014 incipiat,
1675 982 1703 1007 et

921 1012 1035 1048 spiritui
1051 1017 1230 1052 consentire,
1254 1019 1301 1046 cui
1319 1019 1426 1049 diebus
1440 1023 1582 1052 omnibus
1603 1026 1702 1054 anima

921 1057 1017 1087 fuerat
1032 1060 1162 1090 inimica.
1181 1063 1225 1091 Sic
1241 1073 1311 1100 crgo
1328 1069 1408 1102 patet
1421 1077 1475 1104 per
1488 1070 1583 1098 simile
1599 1071 1702 1100 datum

921 1105 952 1132 in
970 1114 1045 1142 uno,
1062 1116 1153 1144 quam
1168 1110 1314 1139 mirabilis
1329 1113 1446 1142 scientia
1465 1116 1658 1146 absconditur
1672 1119 1702 1147 in

922 1153 1092 1189 scripturis,
1116 1164 1206 1191 quam
1226 1157 1300 1192 lata,
1323 1168 1415 1195 quam
1429 1163 1594 1198 profunda,
1610 1174 1702 1201 quam

921 1206 1074 1235 saporosa,
1090 1210 1181 1237 quam
1195 1204 1316 1240 nobilis,
1332 1214 1394 1242 qua
1404 1208 1528 1236 docetur
1540 1219 1650 1246 sponsa
1663 1213 1701 1240 ab

920 1245 1111 1275 inferioribus
1126 1251 1273 1287 separari,
1286 1254 1318 1279 ut
1331 1254 1484 1288 regalibus
1499 1257 1608 1292 nuptiis
1619 1261 1702 1293 grata

921 1294 949 1320 ct
971 1297 1092 1329 accepta
1112 1295 1144 1323 in
1167 1299 1319 1332 posterum
1338 1299 1492 1330 habeatur.
1512 1303 1615 1332 Nullus
1630 1313 1701 1341 ergo

920 1340 1067 1376 ambigat,
1091 1342 1165 1378 quin
1179 1345 1256 1372 totus
1274 1347 1369 1374 textus
1388 1348 1461 1376 Novi
1476 1351 1503 1377 et
1517 1351 1624 1379 Veteris
1638 1353 1701 1380 Tes-

921 1387 1052 1422 tamenti,
1064 1390 1230 1418 secundum
1240 1391 1318 1420 viam
1332 1396 1538 1431 anagogicam,
1549 1397 1586 1425 de
1601 1400 1701 1434 sponsi

921 1435 948 1460 et
958 1442 1074 1469 sponsae
1086 1436 1258 1473 colloquiis,
1271 1439 1318 1467 vel
1332 1448 1436 1468 eorum
1450 1443 1700 1481 altercationibus,

920 1487 1022 1508 amore
1049 1483 1176 1518 praevio,
1205 1485 1318 1514 lumine
1346 1490 1578 1525 concomitante,
1605 1493 1702 1521 valeat

920 1527 1070 1563 explicari.
1083 1530 1140 1557 Nec
1150 1531 1248 1558 solum
1259 1533 1423 1569 Scripturae,
1435 1536 1487 1563 sed
1498 1537 1586 1565 etiam
1597 1547 1701 1567 omnes

920 1575 1070 1609 creaturie,
1081 1584 1276 1614 quaecumque
1289 1579 1355 1614 sint,
1372 1581 1410 1608 ab
1424 1582 1529 1610 ultimo
1545 1588 1645 1613 centro
1659 1587 1699 1614 in-

918 1619 1004 1655 ferni,
1017 1623 1221 1658 propriissime
1236 1625 1275 1652 ad
1290 1626 1348 1654 hoc
1363 1627 1444 1655 idem
1457 1628 1558 1658 induci
1570 1632 1698 1667 valeant,

919 1674 988 1695 cum
1003 1668 1089 1696 istam
1103 1670 1289 1707 sapientiam,
1307 1675 1472 1703 secundum
1487 1676 1555 1705 illas
1569 1679 1698 1707 nobilio-

918 1721 962 1741 res
977 1715 1181 1751 proprietates,
1195 1717 1225 1745 in
1241 1726 1272 1746 se
1287 1720 1463 1749 occultatam
1478 1722 1616 1759 habeant,
1634 1734 1699 1761 quae

918 1759 1040 1789 faciliter
1059 1765 1184 1798 possunt
1198 1764 1326 1800 desuper
1343 1767 1503 1797 irradiante
1522 1770 1634 1800 lumine
1649 1773 1699 1801 de-

919 1808 1023 1835 notari.

1187 1868 1368 1893 PARTICULA
1389 1871 1431 1894 ΙΙΙ.

1107 1931 1142 1954 De
1161 1931 1254 1961 duplici
1274 1933 1316 1958 via
1333 1934 1509 1961 illuminativa.

955 1995 1091 2031 Sequitur
1119 1996 1155 2024 de
1184 1998 1233 2026 via
1261 1999 1467 2030 illuminativa.
1502 2003 1698 2035 illuminativa

920 2041 1030 2077 duplex
1046 2045 1104 2078 est,
1120 2045 1249 2079 practica
1269 2048 1296 2073 et
1318 2047 1458 2076 theorica.
1481 2050 1577 2078 Primo
1600 2052 1699 2080 dicen-

920 2087 991 2115 dum
1006 2088 1041 2115 de
1052 2090 1191 2124 practica,
1206 2099 1265 2126 qua
1277 2101 1360 2120 mens
1374 2095 1526 2123 actualiter
1539 2098 1698 2132 cogitando

921 2135 1092 2161 conscendit
1104 2136 1142 2162 ad
1157 2138 1258 2164 Deum.
1273 2140 1419 2174 Secundo,
1438 2141 1551 2170 dicetur
1565 2144 1602 2171 de
1618 2145 1699 2173 theo-

919 2179 995 2213 rica,
1011 2182 1162 2215 quomodo
1185 2183 1281 2210 omnis
1303 2185 1451 2221 Scriptura
1466 2188 1504 2215 ad
1520 2190 1611 2218 Deum
1627 2200 1697 2220 ana-

921 2225 1024 2260 gogice
1046 2227 1214 2256 reducatur.
1236 2230 1314 2259 Dicto
1331 2240 1402 2260 vero
1421 2236 1576 2269 quomodo
1597 2246 1699 2266 sensus

921 2273 1101 2308 anagogicus
1119 2274 1214 2303 latitat
1235 2276 1265 2303 in
1287 2278 1433 2314 Scriptura
1444 2302 1452 2315 ,
1469 2281 1630 2312 dicendum
1646 2288 1697 2320 est,

922 2319 1075 2354 quomodo
1090 2329 1144 2356 per
1159 2321 1245 2350 istam
1260 2323 1340 2351 viam
1354 2325 1581 2357 illuminativam
1598 2339 1698 2359 ascen-

922 2364 1000 2392 ditur
1020 2366 1058 2393 ad
1081 2368 1240 2403 unitivam,
1266 2372 1293 2396 et
1317 2370 1368 2398 istc
1395 2372 1536 2401 decursus
1558 2376 1700 2405 fundatur

921 2419 1009 2447 super
1029 2412 1087 2440 hoc
1105 2414 1232 2442 verbum
1248 2416 1406 2445 Psalmistae
1422 2420 1431 2435 ³
1447 2430 1454 2446 :
1477 2422 1508 2448 In
1525 2424 1699 2451 meditatione

923 2466 980 2484 mea
996 2459 1150 2487 eoeardescet
1163 2463 1245 2496 ignis,
1263 2464 1315 2490 ctc.
1334 2465 1407 2496 Quia
1423 2466 1520 2495 adhuc
1534 2477 1618 2497 mens
1633 2479 1700 2506 pro-

921 2505 1022 2533 ficiens
1044 2509 1086 2534 est
1107 2508 1282 2544 indisposita
1304 2511 1343 2538 ad
1364 2512 1435 2548 hoc,
1459 2516 1541 2550 quod
1565 2518 1700 2553 expedite

921 2551 1031 2580 feratur
1059 2554 1265 2584 affectionibus
1289 2560 1460 2594 anagogicis
1483 2562 1514 2588 in
1541 2563 1700 2599 dilectum,

924 2601 1039 2634 oportet
1051 2601 1135 2636 quod
1150 2602 1247 2637 primo
1261 2604 1480 2640 aliquantulum
1493 2609 1651 2639 meditetur
1665 2619 1700 2639 eo

923 2648 1025 2683 modo,
1052 2658 1112 2684 quo
1136 2650 1247 2680 dictum
1274 2654 1331 2686 est,
1360 2656 1390 2681 ut
1415 2663 1468 2691 per
1492 2658 1700 2693 cogitationem
