2004 3037
201 233 262 264 234

473 348 616 384 CAPUT
639 349 698 384 XI.

436 421 474 449 De
497 421 551 461 Goq
577 424 602 449 et
626 421 736 460 M'aqoq.

234 495 273 524 De
286 495 350 532 Gog
363 497 391 524 et
405 496 510 532 Magog
525 496 626 525 dicunt
640 495 765 533 quidam
775 515 784 529 ,
800 493 886 530 quod
908 493 977 521 sunt

198 541 303 572 decem
317 543 410 572 tribus
424 544 501 572 intra
515 545 624 573 Montes
635 542 756 580 Caspios
769 541 876 570 clausae
889 550 896 569 ε
913 549 976 569 non

198 591 238 620 ita
249 592 348 619 tamen
362 591 436 628 quin
447 591 527 619 exire
540 592 678 627 possent,
692 590 714 618 si
726 588 974 626 permitterentur,

197 637 250 665 sed
263 645 325 665 non
337 637 546 674 permittuntur
559 645 577 665 a
591 636 696 673 regina
711 639 906 670 Amazonum,
919 634 976 662 sub

198 684 282 720 cujus
295 691 389 720 regno
404 686 432 712 et
448 684 559 712 ditione
572 684 685 712 vivunt.
699 684 755 711 flas
768 682 870 710 dicunt
882 681 975 710 Judaei

197 729 227 758 in
241 729 300 758 fine
314 730 412 758 saeculi
430 731 578 765 exituras,
595 732 623 758 et
637 731 777 758 venturas
797 729 827 756 in
842 728 976 756 Hierusa—

196 776 271 812 lem,
287 779 316 805 et
329 785 398 805 cum
416 785 470 805 suo
489 777 590 806 Messia
606 776 744 805 ecclesias
765 775 974 804 destructuras.

197 823 252 852 Alii
267 824 385 858 dicunt,
400 824 483 860 quod
498 832 552 860 per
566 825 627 859 Gog
642 825 670 851 et
683 825 789 859 Magog
804 821 977 856 intelligitur

197 870 340 899 exercitus
354 870 535 905 Antichristi,
555 871 607 907 qui
627 871 657 898 in
678 870 737 898 fine
761 869 859 897 saeculi
879 868 977 896 veniet

197 918 237 946 ad
250 917 485 954 expugnandam
501 917 670 945 Ecclesiam.
687 918 739 944 Per
753 917 816 951 Gog
828 915 918 950 enim,
934 923 978 942 se-

197 964 330 992 cundum
345 964 478 992 Glossnm
491 984 498 996 ,
513 964 556 991 illi
571 971 624 995 per
639 971 716 999 quos
730 963 855 990 latenter
869 962 976 990 diabo-

197 1009 242 1039 lus
255 1012 450 1047 persequetur
474 1010 596 1044 fideles,
621 1010 812 1045 designantur
817 1019 826 1045 ;
849 1017 902 1045 per
917 1010 974 1037 Ma-

198 1065 269 1094 gog,
285 1057 328 1085 illi
344 1066 397 1094 per
421 1066 497 1094 quos
508 1059 608 1094 aperte
630 1057 759 1085 Ecclesia
780 1056 975 1093 opprimetur,

195 1104 244 1132 vel
262 1104 305 1132 illi
329 1104 380 1141 qui
401 1107 534 1140 tempore
555 1104 722 1132 Antichristi
740 1103 823 1140 prius
844 1102 976 1137 occulte,

196 1152 224 1178 et
238 1151 430 1187 postmodum
448 1153 546 1187 aperte
564 1151 723 1179 Ecclesiam
746 1151 974 1186 persequentur.

196 1198 364 1226 Secundum
377 1198 583 1233 Augustinum,
595 1200 658 1233 Gog
668 1197 792 1225 retertur
807 1197 846 1224 ad
862 1199 973 1232 gentem,

197 1245 301 1280 Magog
325 1245 363 1272 ad
390 1245 545 1272 diabolum
560 1265 569 1278 ,
594 1244 665 1280 quia
692 1245 746 1278 Goq
769 1243 977 1279 interpretatur

198 1291 356 1319 occultatio
367 1312 375 1326 ,
392 1293 420 1319 et
434 1293 531 1326 Mayoq
546 1291 671 1326 dejectio
687 1290 734 1318 vel
750 1290 909 1318 destitutio.

465 1384 608 1418 CAPUT
633 1384 706 1417 XII.

438 1457 475 1484 De
497 1457 562 1484 Elia
586 1459 610 1483 ec
636 1456 734 1483 Enoch.

233 1529 308 1556 Inter
323 1527 472 1555 occultum
492 1526 652 1554 adventum
668 1525 844 1559 Antichristi,
863 1525 914 1561 qui
936 1527 978 1553 est

196 1583 249 1611 per
266 1574 444 1602 nativitatem
454 1595 461 1608 ,
474 1576 502 1601 et
516 1573 705 1601 manifestum
721 1573 784 1608 ejus
800 1572 975 1607 adventum,

196 1621 248 1658 qui
263 1624 305 1649 cst
319 1629 371 1657 per
385 1620 629 1657 praedicationem
644 1622 671 1647 et
688 1622 822 1656 apertam
838 1627 976 1655 persecu-

197 1668 324 1702 tionem,
340 1667 459 1694 venient
475 1667 549 1694 Elias
569 1669 597 1694 et
611 1667 723 1700 Enoch,
741 1668 767 1693 ct
786 1668 976 1699 convertent,

197 1714 271 1742 sicut
293 1713 363 1741 dicit
383 1713 538 1742 Malachias
560 1717 579 1747 ¹,
602 1713 683 1740 corda
703 1715 813 1747 patrum
836 1714 863 1738 z'n
885 1713 977 1746 filc‘os,·

197 1761 298 1789 Glossa
310 1769 316 1787 ε
330 1769 342 1785 ε(
353 1760 395 1787 Ad
407 1760 631 1787 instructionem
643 1759 858 1795 praeteritorum
870 1758 907 1785 dc
918 1758 976 1786 fide

197 1806 371 1841 Salvatoris,
388 1806 417 1833 in
433 1809 577 1842 quantum
598 1808 626 1833 et
645 1806 700 1841 ipsi
724 1805 913 1832 crediderunt
929 1814 935 1832 ι
953 1809 976 1832 ct

197 1862 241 1882 cor
252 1855 370 1888 filiorum
386 1853 422 1880 ad
435 1856 523 1888 patr-cs
535 1861 623 1880 eorum
634 1862 640 1886 ;
651 1863 663 1877 u
677 1852 777 1880 Glossa
790 1861 796 1879 :
811 1862 823 1877 (ι
836 1852 909 1885 Quia
918 1860 978 1879 sus-

198 1901 307 1937 cipient
316 1899 427 1934 fidem,
449 1908 539 1935 quam
559 1899 601 1926 illi
620 1899 798 1926 habuerunt.
820 1908 832 1923 »
855 1899 934 1926 Unde
951 1901 978 1926 et

198 1946 351 1975 Christiani
367 1948 394 1974 et
409 1946 499 1974 Judaei
526 1948 595 1973 tunc
611 1946 641 1973 in
655 1945 800 1973 Christum
822 1946 885 1981 pari
910 1945 976 1973 reli-

197 1995 286 2030 gione
310 1994 502 2022 consentient.
530 1995 566 2021 De
591 2002 695 2021 corum
719 1993 928 2029 prcedicatione
951 1997 978 2021 ct

197 2044 296 2070 sancta
319 2042 545 2069 conversatione
568 2040 675 2068 dicitur
699 2040 727 2067 in
749 2040 928 2076 Apocalypsi
943 2039 975 2067 ²:

199 2090 271 2116 Dabo
286 2089 388 2116 dnobus
406 2089 514 2115 testibus
531 2089 606 2122 meis,
619 2087 729 2115 scilicet
744 2087 811 2114 Elioe
826 2089 853 2114 et
867 2087 977 2120 Enoch,

198 2138 222 2163 ct
237 2137 435 2170 prophetabunt
446 2158 454 2167 ,
471 2135 500 2162 id
517 2138 576 2169 cst,
592 2134 815 2171 prffldicabunt,
833 2135 924 2161 (liebus
941 2134 977 2169 (α)

198 2183 272 2209 mille
287 2183 407 2209 ducentis
424 2186 447 2209 et
465 2184 625 2216 scoeayinm,
642 2181 672 2208 id
688 2183 743 2212 est,
767 2181 860 2208 trihus
875 2180 975 2212 annis,

198 2228 273 2255 ‘sicut
296 2228 358 2264 ipse
381 2228 509 2256 Christus
532 2228 703 2264 proedieavit
721 2248 728 2261 ,
751 2229 846 2254 amicti
870 2229 976 2260 succz's3

199 2276 312 2304 Glossa:
326 2286 338 2302 «
347 2277 539 2304 Praedicantes
549 2276 764 2312 poenitentiam,
775 2275 977 2310 etexcmplum

199 2323 422 2350 ostendentes.»
442 2325 480 2350 m·
492 2327 553 2350 suut
571 2324 630 2350 duoe
647 2324 734 2355 olivoe,
746 2325 771 2349 ce
787 2323 838 2348 duo
853 2322 978 2348 candelu-

201 2370 267 2403 bra,·
282 2370 383 2398 Glossa
397 2380 403 2397 ;
419 2370 473 2397 «ld
484 2372 542 2404 est,
554 2370 656 2397 lumen
667 2370 770 2397 dantes
785 2369 857 2396 aliis.
874 2379 887 2394 n
902 2371 976 2396 Tan-

200 2416 269 2444 dem
285 2416 475 2445 Antichristus
494 2417 594 2444 occidct
614 2425 655 2444 cos
676 2416 706 2443 in
728 2416 908 2443 Hierusalem
925 2425 930 2442 :
952 2419 977 2443 et

194 2464 323 2498 jacebunt
344 2472 457 2500 corpora
475 2472 564 2492 eorum
580 2466 609 2490 in
632 2465 732 2498 plateis
756 2462 849 2490 tribus
872 2463 978 2490 (liebus

200 2512 228 2538 et
251 2511 344 2539 tribus
365 2511 501 2538 noctibus
522 2519 590 2538 cum
616 2509 741 2537 dimidio
754 2531 762 2544 ,
787 2509 858 2545 quia
879 2509 978 2537 nullus

200 2558 322 2586 audebit
342 2566 469 2594 corpora
490 2566 593 2585 eorum
619 2557 760 2593 sepelire,
780 2559 900 2592 propter
919 2564 977 2584 me—

234 2632 354 2663 ¹Mula12,
373 2640 408 2663 iv,
427 2635 461 2657 10.
475 2646 505 2650 —
518 2632 526 2646 ⁷
541 2632 625 2663 Apoc..
644 2637 679 2661 xi,
695 2633 707 2654 53
723 2633 744 2654 ct
760 2638 814 2662 seq.
827 2644 855 2648 —
872 2630 882 2646 ³
894 2631 975 2654 Closs.

202 2667 226 2690 in
243 2667 249 2690 Ι
268 2668 358 2699 Thess„
377 2675 400 2692 v.
416 2668 465 2687 -ι
477 2669 551 2695 Dan..
563 2673 610 2696 xm,
627 2668 649 2691 7.
661 2668 711 2684 —5
729 2667 831 2695 litant,
851 2672 921 2693 xxiv,
939 2668 976 2690 22.

202 2704 344 2733 -5G1·cf,r.‚
362 2704 462 2733 Momzl„
482 2704 523 2727 tib.
546 2703 649 2732 ΧΧΧΗ,
667 2710 688 2727 c.
712 2709 762 2732 xn,
786 2704 843 2726 ante
866 2702 932 2725 nied.
947 2715 977 2719 —

521 233 782 267 COMPENDIUM
798 233 1062 269 THEOLOGICAE
1081 236 1305 271 VERITATIS.
1328 238 1403 271 LlB.
1427 239 1494 272 vu.

1030 305 1094 333 tum
1115 305 1291 334 Antichristii
1311 307 1461 336 Occisores
1479 309 1580 336 autem
1593 313 1699 336 eorum
1719 310 1807 338 erunt

1029 351 1118 380 valde
1131 352 1189 381 laeti
1203 356 1325 390 propter
1333 356 1461 383 mortem
1473 363 1587 390 eorum3
1603 357 1667 390 post
1680 354 1739 382 dies
1753 362 1806 384 au·

1029 399 1090 427 tem
1104 402 1157 428 tres
1171 402 1196 428 et
1211 401 1358 429 dimidium
1377 404 1532 437 resurgent
1541 423 1550 437 ,
1566 404 1595 429 et
1614 409 1720 430 eorum
1733 401 1808 430 oeci-

1029 454 1111 474 sores
1134 447 1257 476 audient
1270 456 1376 477 vocem
1396 448 1485 477 talem
1501 458 1508 476 :
1528 458 1542 475 «x
1559 448 1637 477 Elias
1651 450 1680 476 et
1694 448 1807 483 Enoch,

1032 494 1183 523 ascendite
1199 495 1259 523 huc
1273 505 1282 523 :
1298 505 1312 522 ι»
1329 498 1357 524 et
1370 496 1529 524 ascendent
1542 495 1573 525 in
1588 495 1695 523 coelum
1711 494 1742 523 in
1754 503 1808 524 nu-

1030 540 1078 569 be.
1105 541 1295 570 Antichristus
1315 550 1386 571 vero
1412 543 1584 579 quindecim
1608 542 1714 570 diebus
1741 544 1809 578 post

1031 589 1158 616 mortem
1173 588 1293 617 illorum
1308 589 1453 625 regnabit.

1290 683 1433 717 CAPUT
1456 683 1546 717 XIII.

1162 756 1200 782 De
1218 755 1360 783 duratione
1378 755 1456 790 hujus
1476 756 1680 785 Persecutionis.

1066 824 1211 859 Regnabit
1224 824 1433 859 Antichristus,
1455 825 1530 853 sic-ut
1544 822 1616 854 dicit
1633 826 1735 854 Glossa
1756 834 1806 854 su-

1030 878 1084 906 per
1096 871 1308 907 Apostolum&
1320 871 1414 900 tribus
1429 872 1513 899 annis
1525 880 1593 900 cum
1604 872 1740 901 dimidio.
1753 875 1807 901 Un-

1031 917 1069 945 de
1088 917 1189 946 Daniel
1202 918 1211 934 ¹·
1228 927 1234 945 :
1249 920 1360 946 Juram't
1374 920 1485 953 anyelus
1499 927 1548 954 per
1569 921 1702 947 viventem
1720 921 1750 947 in
1770 927 1806 947 oe-

1032 966 1150 999 ternum,
1168 965 1238 1000 quod
1261 967 1289 992 in
1316 965 1550 1000 le1›2pus‚scilicet
1566 966 1654 993 unius
1673 967 1743 994 anni
1757 987 1766 1000 ,
1781 968 1809 994 et

1033 1014 1162 1048 tempora,
1175 1012 1285 1040 scilicet
1301 1013 1430 1041 duorum
1445 1021 1605 1048 annorum,
1621 1016 1646 1042 et
1661 1013 1808 1041 dimidium

1032 1061 1176 1094 temporis,
1196 1060 1303 1094 idest,
1324 1060 1439 1088 dimidii
1460 1061 1545 1094 anni;
1569 1060 1670 1089 Glossa
1687 1070 1692 1088 :
1716 1070 1730 1086 (ι
1745 1062 1805 1089 Hoc

1031 1106 1126 1142 spatio
1142 1106 1248 1134 dicitur
1264 1107 1406 1134 duratura
1431 1107 1574 1135 desolatio
1594 1107 1650 1134 sub
1665 1107 1809 1135 Antichri-

1032 1154 1086 1180 sto.
1096 1162 1108 1178 ι)
1120 1154 1184 1181 Nisi
1199 1156 1339 1188 autem,ut
1354 1154 1460 1182 dicitur
1475 1154 1505 1181 in
1519 1153 1651 1182 Matthoeo
1661 1154 1682 1188 ⁵,
1693 1154 1809 1181 breviati

1030 1202 1147 1234 fuissent
1172 1201 1230 1229 dies
1252 1202 1311 1235 illi,
1338 1209 1391 1228 non
1415 1202 1511 1234 fuisset
1524 1202 1599 1228 salua
1623 1202 1708 1228 ornnr‘s
1734 1209 1807 1228 caro.

1032 1247 1190 1284 Gregorius
1204 1249 1214 1265 ⁶
1233 1257 1239 1275 :
1266 1259 1279 1273 «
1296 1248 1370 1281 Quia
1394 1247 1473 1275 enim
1495 1250 1523 1275 et
1544 1247 1689 1283 superbos
1707 1255 1763 1275 nos
1782 1248 1810 1275 et

1033 1294 1167 1322 infirmos
1189 1295 1292 1331 aspicit
1315 1296 1410 1329 Deus,
1434 1294 1497 1322 dies
1522 1302 1597 1330 quos
1621 1293 1810 1329 singulariter

1032 1341 1128 1369 matos
1142 1341 1250 1376 intulit,
1266 1341 1495 1370 misericorditer
1504 1340 1686 1369 breviandos
1699 1339 1780 1368 dicit.
1793 1350 1806 1364 n

1033 1389 1065 1416 Et
1090 1388 1191 1416 Glossa
1217 1397 1306 1425 super
1333 1389 1463 1417 Matthaeo
1490 1398 1496 1416 :
1531 1389 1630 1415 «-tlaec
1658 1386 1808 1415 tribulatio

1032 1437 1146 1471 quanto
1162 1436 1272 1464 caeteris
1291 1435 1421 1471 gravior,
1437 1437 1518 1464 tanto
1540 1434 1680 1463 brevitate
1706 1433 1809 1462 mode-

1032 1482 1133 1511 ratior.
1150 1494 1163 1509 »

1292 1563 1435 1598 CAPUT
1459 1563 1549 1597 XIV.

1258 1644 1295 1670 De
1314 1644 1397 1670 morte
1417 1642 1588 1670 Antichrz'slt'.

1069 1714 1209 1741 potestate
1225 1720 1278 1739 sua
1294 1711 1435 1739 Dominus
1450 1711 1563 1739 occidet
1582 1710 1808 1744 Antichristum,

1033 1759 1108 1787 sicut
1124 1759 1193 1786 dicit
1216 1759 1317 1786 Glossa
1328 1760 1337 1775 ⁷
1353 1766 1440 1793 super
1457 1757 1630 1793 Apostolum
1641 1778 1650 1791 ,
1673 1757 1734 1784 sive
1756 1763 1809 1792 per

1034 1814 1080 1840 se,
1107 1806 1168 1833 sive
1193 1814 1245 1841 per
1266 1805 1444 1834 michaelem.
1471 1804 1627 1832 Occidetur
1653 1806 1752 1831 autem
1777 1803 1808 1831 in

1033 1855 1133 1880 monte
1148 1852 1302 1886 Olivcti,in
1317 1852 1467 1888 papilione
1484 1854 1510 1878 et
1524 1851 1599 1878 solio
1610 1858 1663 1878 suo
1673 1871 1681 1885 ,
1695 1851 1725 1878 in
1740 1849 1808 1878 loco

1034 1900 1111 1927 circa
1127 1907 1215 1935 quem
1231 1899 1371 1926 Dominus
1387 1898 1518 1926 ascendit
1533 1898 1562 1924 in
1578 1897 1695 1925 coelum.
1719 1899 1808 1925 inter-

1033 1946 1108 1974 fccto
1125 1948 1224 1974 autem
1239 1945 1412 1974 Antichristo
1424 1966 1431 1979 ,
1449 1953 1511 1972 non
1527 1945 1623 1972 statim
1638 1945 1736 1973 veniet
1756 1946 1809 1972 Do-

1034 1994 1131 2021 minus
1147 1993 1185 2020 ad
1199 1993 1356 2028 judicium,
1372 1992 1537 2019 secundum
1553 1992 1703 2019 Glossam⁸
1720 1999 1809 2027 super

1034 2039 1202 2074 Danielem;
1229 2039 1429 2067 concedentur
1455 2039 1652 2075 quadraginta
1676 2038 1809 2074 quinque

1035 2087 1097 2114 dics
1121 2086 1160 2114 ad
1175 2086 1360 2121 refrigerium
1377 2089 1546 2113 sanctorum
1558 2105 1566 2118 ,
1584 2088 1611 2112 et
1625 2085 1664 2112 ad
1686 2093 1808 2112 conver-

1034 2134 1150 2161 sionem
1165 2136 1191 2160 et
1207 2133 1408 2167 poenitentiam
1424 2133 1644 2165 subversorum.
1662 2132 1808 2165 Quantum

1035 2182 1133 2208 autem
1149 2180 1277 2215 spatium
1292 2179 1327 2206 sit
1342 2179 1415 2206 inter
1430 2178 1497 2205 illos
1512 2177 1709 2213 quadraginta
1724 2177 1809 2213 quin-

1035 2236 1092 2263 que
1108 2227 1189 2260 dies,
1206 2229 1233 2253 ct
1247 2226 1337 2253 finem
1352 2225 1457 2252 mundi
1470 2246 1477 2259 ,
1495 2232 1583 2252 nemo
1605 2224 1666 2251 scit.
1689 2224 1807 2252 Ministri

1035 2282 1105 2301 vero
1121 2272 1284 2301 Antichristi
1298 2275 1363 2307 post
1378 2273 1504 2299 mortem
1520 2271 1599 2298 illius
1614 2270 1787 2305 gaudebuut
1799 2292 1806 2304 ‚

1036 2321 1174 2348 ducentes
1189 2327 1296 2346 uxores
1306 2340 1313 2353 ,
1337 2321 1363 2345 et
1379 2318 1510 2345 dicentes
1525 2327 1531 2345 ι
1553 2328 1565 2342 α
1582 2317 1658 2345 Licet
1672 2317 1808 2353 princeps

1035 2369 1133 2395 noster
1148 2367 1282 2394 mortuus
1292 2365 1338 2398 sit,
1349 2365 1494 2392 habemus
1509 2367 1607 2392 tamen
1623 2365 1806 2400 potestatem,

1035 2422 1155 2449 pacem,
1171 2415 1198 2439 et
1212 2412 1405 2439 securitatem.
1420 2421 1432 2436 n
1451 2414 1482 2439 Et
1496 2419 1562 2438 eum
1578 2410 1646 2438 talia
1661 2410 1807 2444 dixerint,

1034 2461 1190 2495 repentinus
1205 2462 1242 2486 css
1257 2460 1266 2475 ⁹
1281 2460 1449 2493 superveniet
1470 2459 1605 2485 interitus.
1621 2457 1713 2485 Judaei
1736 2465 1807 2485 vero

1035 2509 1103 2534 tunc
1118 2507 1324 2534 convertentur
1339 2505 1377 2532 ad
1392 2504 1483 2532 fidem
1494 2524 1502 2538 ,
1519 2505 1546 2531 et
1566 2505 1666 2531 sancta
1682 2504 1809 2532 Ecclesia

1034 2561 1128 2589 usque
1143 2552 1181 2580 ad
1196 2552 1287 2579 finem
1305 2552 1458 2587 pacificata
1473 2550 1620 2586 quiescet,
1646 2551 1716 2586 quia
1739 2553 1808 2578 tune

1034 2622 1043 2638 ⁷
1065 2621 1146 2645 Gloss.
1162 2620 1187 2643 iu
1210 2620 1214 2642 t
1236 2620 1325 2649 Theseu,
1347 2625 1368 2643 v.
1389 2632 1417 2636 —
1436 2618 1542 2642 ⁸1jlossv
1567 2618 1591 2642 in
1618 2619 1691 2647 Dum,

1038 2658 1044 2668 ³
1065 2658 1071 2680 Ι
1094 2656 1183 2684 Thess.¹
1200 2661 1222 2685 v,
1242 2658 1264 2678 3.

1068 2702 1101 2728 (a)
1117 2699 1179 2723 Cret.
1196 2697 1255 2722 edit.
1271 2697 1342 2722 deest
1356 2695 1451 2720 diebus.

1715 2625 1760 2643 ΧΗ.
1781 2631 1809 2636 —·
