2004 3037
602 244 652 277 DE
674 242 853 276 SECUNDO
876 243 1050 276 ITiNERE.
1073 244 1174 277 DlST.
1198 230 1250 278 v'1.

119 305 208 346 mihi3
229 309 280 339 sed
301 309 359 339 hoc
378 311 501 348 quidem
517 311 580 340 sine
601 311 734 348 periculo
751 313 803 340 est.
819 321 833 338 n
850 311 899 339 Se-

119 357 220 394 quitur
236 367 243 386 :
262 367 276 383 «
296 357 354 386 Sed
372 366 443 387 sane
458 358 543 387 aliud
567 360 626 394 est,
648 357 701 386 ubi
721 357 898 395 periculose,

119 403 181 432 imo
201 404 412 434 damnabiliter
427 407 552 441 erratur,
569 407 658 442 atque
680 405 733 434 ubi
754 406 834 433 certa
854 412 900 433 re-

120 450 190 486 gula
204 451 375 487 praefigitur,
393 459 430 480 ne
446 452 529 489 quod
549 452 599 481 Dei
614 453 657 480 est
677 451 707 480 in
727 451 830 487 nohis,
846 451 900 480 de-

122 505 188 525 mus
199 497 441 535 nobis‚putantes
452 498 538 527 Verbi
550 498 759 533 visitationem,
769 501 901 527 nostram

121 544 341 580 cogitationem.
361 546 510 580 Quantum
534 553 605 581 ergo
635 546 723 574 distat
744 546 859 574 bonum
883 554 902 574 a

122 591 203 619 malo
215 611 225 626 ,
239 593 354 621 tantum
369 592 478 621 distant
496 592 551 621 ista
568 593 631 621 duo
651 601 669 621 a
688 601 737 621 se:
758 592 902 629 quoniam

122 646 177 666 nee
188 637 225 666 de
238 639 336 667 Verbo
347 639 471 675 malum,
487 647 541 667 nec
552 639 590 668 de
602 639 692 668 eorde
703 639 762 668 exit
775 639 902 674 bonum,

122 685 178 712 nisi
191 685 267 714 forte
281 685 365 722 quod
381 686 465 722 prius
483 686 519 714 de
533 686 629 715 Verbo
645 686 790 722 concepit.
807 686 904 715 Sciant

123 731 202 759 enim
221 731 332 760 inimici
353 733 469 769 gratiae,
486 733 600 770 absque
615 734 710 769 gratia
723 742 779 762 nec
797 733 836 762 ad
851 741 904 762 eo-

123 778 279 813 gitandum
293 779 409 808 bonum
428 780 562 809 sufficere
582 788 633 809 eor
648 781 834 809 humanum:
851 780 905 809 sed

123 824 297 854 sufficientia
312 827 376 862 ejus
396 835 431 855 ex
452 829 510 856 Deo
526 829 577 856 est.
594 829 627 856 Et
646 827 739 856 sciant
758 827 808 863 qui
824 827 905 863 eogi-

124 872 186 900 tant
204 871 336 907 bonum,
354 881 461 901 vocem
484 874 534 902 Dei
552 882 632 909 esse,
648 882 710 902 non
725 874 822 902 cordis
835 882 906 910 pro-

124 919 184 947 lem
199 919 333 948 existere.
346 920 418 949 Vide
434 923 533 949 autem
552 921 696 958 quoniam
718 921 842 949 verbum
857 921 906 950 Dei

126 966 210 1002 quod
229 967 378 1003 egreditur
399 967 436 996 de
452 976 503 996 ore
526 968 588 1002 Dei,
605 975 668 996 non
687 970 850 996 revertatur
868 968 908 996 ad

126 1020 195 1040 cum
215 1021 358 1049 vacuum,
379 1014 433 1042 sed
451 1016 654 1050 prosperatur,
670 1016 697 1042 et
717 1014 786 1043 facit
807 1015 908 1043 omnia

126 1058 165 1087 ad
187 1067 254 1095 quae
275 1060 355 1088 misit
377 1059 471 1095 illud,
491 1062 523 1088 ut
545 1061 642 1088 dicere
665 1061 762 1097 possis
784 1063 812 1089 et
833 1063 864 1089 tu
879 1062 906 1090 ¹:

127 1105 225 1135 Gratia
245 1107 296 1134 Dei
315 1107 346 1134 in
369 1115 410 1134 me
438 1115 525 1134 vacua
545 1115 598 1135 non
620 1109 686 1141 fuit.
711 1118 725 1135 »
752 1108 905 1145 Sequitur:

130 1152 238 1180 «Felix
259 1160 343 1180 mens
364 1153 411 1180 eui
432 1153 607 1181 individuus
625 1162 726 1182 eomes
744 1154 857 1191 ubique
878 1163 909 1183 se

127 1198 279 1227 affabilem
297 1199 422 1236 praebet,
444 1200 528 1235 cuius
547 1200 747 1229 indesinenter
763 1201 910 1230 oblectata

96 1254 99 1257 ·
127 1246 269 1275 suavitate
287 1246 449 1282 facundiae,
471 1255 489 1274 a
507 1247 603 1276 earnis
624 1248 768 1276 molestiis
787 1251 815 1277 et
832 1248 910 1277 vitiis

128 1301 191 1322 sese
209 1293 362 1329 vendicat,
379 1294 462 1322 omni
482 1294 558 1322 hora
571 1294 747 1323 redimendo
763 1297 879 1332 tempus
893 1304 911 1324 a

129 1341 236 1370 diebus
258 1341 359 1376 matis,
381 1341 526 1378 quoniam
546 1341 613 1370 talis
631 1350 693 1370 non
718 1343 911 1372 conturbabi-

129 1389 186 1423 tur,
201 1388 276 1417 sieut
284 1388 354 1417 dieii
363 1387 539 1425 Seriptura',
552 1390 688 1425 quidquid
701 1391 833 1418 acciderit
848 1392 884 1419 ei.
894 1400 908 1418 1>

130 1435 193 1463 floec
209 1434 310 1463 omnia
325 1435 499 1464 Bernardus.

361 1531 602 1566 DISTINCTIO
627 1533 684 1566 Vl.

151 1606 272 1639 Qualiter
290 1607 404 1641 spiritus
422 1606 554 1634 humanus
570 1614 621 1641 per
640 1608 693 1633 iter
711 1607 895 1634 meditationis

270 1653 448 1679 (eternitatem
467 1653 578 1678 Domini
595 1652 777 1686 ingrediatur.

168 1720 253 1748 Sexto
274 1720 441 1749 videndum
461 1721 518 1755 est,
536 1720 662 1756 qualiter
679 1721 797 1757 spiritus
815 1723 915 1750 noster

133 1767 164 1795 in
177 1766 281 1795 itinere
296 1767 437 1795 studiosae
451 1767 651 1795 meditationis
667 1767 859 1796 intrinsecum
873 1776 915 1797 se-

133 1815 264 1848 cretum,
283 1816 426 1842 aeternum
449 1814 617 1842 manerium
641 1814 758 1842 Domini
783 1816 850 1843 Jesu
869 1815 915 1843 in-

13 1869 120 1892 manium
135 1860 218 1896 gredi
242 1863 365 1888 conetur
379 1861 428 1897 (a).
453 1861 535 1888 Circa
556 1860 640 1897 quod
664 1861 831 1889 notandum
854 1864 914 1898 est,

15 1902 42 1922 ad
67 1908 118 1928 pcr-

29 1933 106 1953 sectio-

135 1907 218 1942 quod
239 1915 307 1934 cum
323 1907 451 1935 Verbum
466 1909 608 1936 aeternum
629 1916 660 1936 se
680 1908 794 1944 spiritui
812 1911 914 1938 nostro

13 1970 65 1985 nem
74 1969 121 1990 por.
135 1953 165 1981 in
180 1953 371 1982 meditatione
386 1962 455 1988 sua,
475 1954 559 1989 quasi
575 1954 739 1990 quemdam
753 1955 914 1990 viatorem,

31 1996 106 2015 veniat
132 2001 356 2036 jucundissimis
371 2000 665 2029 confabulationibus
680 2003 804 2030 associet
816 2002 915 2038 ipsum

14 2028 110 2047 contem-

28 2057 95 2084 platio
100 2068 107 2072 -

15 2090 58 2114 nis,
68 2090 122 2109 tern-

27 2120 112 2146 poralia

31 2151 108 2176 ingere

32 2182 104 2202 dehet.

136 2047 174 2076 de
195 2047 412 2083 temporalibus
435 2047 651 2083 abstrahendo,
672 2048 710 2076 de
724 2049 839 2076 aeternis
856 2049 915 2077 ins-

139 2094 283 2130 truendo,
305 2094 345 2121 ad
363 2096 470 2122 aeterna
484 2094 650 2129 invitando,
667 2096 699 2122 ut
716 2103 750 2123 ex
769 2095 916 2131 praedietis

136 2143 238 2177 patere
267 2142 380 2177 potest,
413 2141 481 2170 ideo
509 2149 628 2169 necesse
654 2144 711 2177 est,
739 2143 771 2169 ut
799 2142 916 2178 spiritus

136 2190 236 2216 noster
249 2188 425 2224 temporalia
447 2187 557 2223 fugiat,
578 2188 649 2224 quia
668 2196 703 2216 ex
724 2188 781 2216 hoe
801 2189 916 2217 aeternis

137 2235 369 2272 appropinquat,
380 2235 453 2263 etad
465 2235 605 2263 interiora
616 2235 721 2263 deserti
735 2244 804 2263 cum
818 2238 916 2272 Moyse

137 2282 234 2317 intrat,
251 2284 282 2310 ut
294 2281 331 2309 de
346 2281 462 2309 aeternis
476 2281 590 2317 audiat,
606 2282 636 2310 in
649 2281 808 2310 solitudine
824 2282 917 2310 medi-

139 2329 256 2357 tationis
271 2328 396 2356 assiduae
412 2331 597 2364 permaneat,
614 2329 644 2356 in
658 2331 766 2357 aeterna
780 2329 915 2365 introeat,

139 2377 166 2404 et
180 2383 248 2403 cum
262 2375 402 2411 Apostoto
421 2375 511 2403 Paulo
526 2378 751 2404 conversationem
767 2377 777 2393 ³
801 2378 831 2404 in
847 2378 920 2404 ecelis

140 2421 263 2457 habeat,
277 2424 310 2450 ut
324 2431 391 2450 cum
408 2422 560 2451 Psalmista
580 2423 677 2451 dicere
692 2423 786 2459 possit
799 2423 809 2440 ¹*
826 2432 832 2451 :
854 2425 919 2451 Ecce

141 2469 262 2504 elonflavi
288 2471 413 2504 fugiens,
436 2472 462 2497 et
486 2471 574 2497 mansi
595 2471 624 2497 in
646 2470 805 2498 solitudine.
832 2470 919 2504 Quod

141 2515 269 2543 verbum
279 2524 430 2552 exponens
440 2516 615 2552 Bernardus,
623 2524 710 2553 super
717 2517 837 2551 Cantica,
850 2516 920 2544 dicit

142 2561 237 2589 sie⁶:«
251 2564 314 2591 Non
328 2562 382 2591 fuit
396 2564 551 2591 contentus
567 2563 655 2597 exire,
672 2563 728 2591 nisi
743 2565 771 2592 et
785 2564 874 2599 longe
888 2572 918 2591 se

176 2637 182 2653 ¹
198 2636 206 2660 t
221 2636 287 2666 Cora,
306 2642 347 2667 xv,
364 2638 400 2661 10.
416 2650 448 2655 —-
460 2638 468 2651 ²
481 2637 563 2664 Proin,
578 2643 624 2668 xii,
640 2639 679 2662 21.
690 2652 721 2656 —
736 2638 744 2653 ³
758 2638 862 2670 Philip„
881 2645 918 2669 ιιι,

142 2674 181 2697 20.
196 2685 226 2689 -
248 2672 255 2686 ⁴
272 2672 339 2697 l’sal.
356 2679 407 2703 ων,
426 2675 449 2697 8.
468 2686 499 2691 —
514 2673 524 2689 ³
538 2674 624 2703 Rern„
640 2674 664 2697 in
679 2675 762 2705 Cant.,
778 2681 855 2699 serm.
874 2681 918 2706 Lu,

143 2708 210 2732 circa
222 2708 289 2732 med.
302 2721 332 2726 —
346 2708 355 2724 ⁶
369 2709 457 2740 Gieg„
473 2709 573 2738 Mai-al„
590 2709 632 2733 tib.
648 2710 690 2741 iv,
705 2717 726 2735 c.
743 2716 837 2741 xxvm,
853 2711 920 2736 cirea

283 2762 358 2785 TOM.
381 2763 448 2785 vm.

1673 251 1732 282 4¹7

955 310 1073 346 faceret,
1088 313 1121 340 ut
1135 312 1287 349 quiescere
1298 315 1407 349 posset.
1425 315 1458 342 Et
1470 314 1495 342 si
1511 315 1658 344 transilisti
1673 324 1735 345 ear-

955 357 1001 386 nis
1014 357 1247 395 oblectamenta,
1263 361 1296 388 ut.
1309 359 1432 388 minime
1447 360 1512 396 jam
1526 361 1651 390 obedias
1665 371 1735 391 con-

956 405 1142 441 cupiscentiis
1156 406 1231 441 ejus,
1242 414 1297 434 nee
1312 406 1437 435 tenearis
1448 407 1594 437 illecebris
1606 411 1635 437 et
1646 410 1735 446 curis,

955 451 1101 487 perfecisti
1120 454 1148 480 et
1170 453 1311 489 separasti
1330 454 1374 489 te,
1395 453 1447 482 sed
1461 455 1597 483 nondum
1613 457 1639 484 te
1654 456 1737 485 elon-

957 498 1046 534 gasti3
1071 499 1127 527 nisi
1152 501 1180 528 et
1203 499 1346 529 irruentia
1369 500 1504 538 undique
1531 502 1738 538 phantasmata

958 553 1171 582 corporearum
1180 546 1420 582 similitudinum,
1435 549 1617 578 transvolare
1632 551 1738 579 mentis

958 592 1084 627 puritate
1099 593 1268 629 praevaleas.
1285 595 1442 631 Hucusque
1462 595 1525 623 noli
1544 595 1596 624 tibi
1614 597 1738 633 promit-

958 639 1018 667 tere
1038 639 1183 676 requiem.
1206 641 1308 676 Erras,
1328 641 1352 669 si
1371 641 1448 670 eirca
1470 643 1496 670 te
1519 641 1650 672 invenire
1667 643 1740 672 aesti-

958 693 1022 714 mas
1037 686 1139 715 locum
1154 688 1301 716 secretum
1323 688 1430 724 quietis
1449 691 1477 717 et
1498 689 1681 726 solitudinis,
1696 699 1740 719 se-

960 734 1072 762 cretum
1091 733 1214 762 luminis
1237 736 1265 762 et
1286 734 1491 764 habitaculum
1520 736 1610 773 pacis.
1637 747 1651 764 n
1676 739 1741 766 Hoee

960 780 1134 809 Bernardus.

997 827 1053 854 Sed
1067 828 1154 863 nota,
1171 828 1255 864 quod
1270 828 1332 857 haec
1354 829 1485 858 solitudo
1499 831 1698 859 meditationis
1710 832 1742 860 in

961 875 1060 902 mente
1083 876 1126 903 est
1146 874 1296 911 humana,
1317 877 1349 904 ut
1363 876 1434 904 dieit
1447 877 1620 913 Gregorius,
1635 880 1741 914 quarto

962 922 1126 954 Moralium,
1150 921 1221 950 dicit
1243 922 1322 951 enim
1342 924 1375 951 ⁸:
1400 934 1414 950 α
1436 925 1467 952 ln
1490 924 1652 953 solitudine
1675 933 1741 954 ma-

962 975 1048 1000 nere,
1069 970 1112 996 est
1131 976 1149 996 a
1170 972 1281 997 secreto
1304 970 1403 998 cordis
1422 973 1607 999 terrenorum
1626 972 1743 1000 deside-

963 1015 1079 1044 riorum
1092 1016 1235 1044 tumultus
1249 1018 1409 1054 expellere,
1425 1020 1453 1046 et
1467 1019 1497 1046 in
1508 1027 1568 1047 una
1583 1019 1743 1048 intentione

963 1064 1078 1090 aeternae
1095 1063 1214 1099 patriae,
1239 1072 1374 1092 amorem
1397 1065 1506 1093 intimae
1527 1066 1632 1102 quietis
1655 1067 1744 1095 anhe-

964 1108 1036 1136 lare.
1052 1119 1065 1135 »
1083 1110 1238 1146 Sequitur:
1258 1120 1272 1136 «
1291 1112 1314 1139 Α
1329 1111 1457 1140 tumultu
1475 1120 1576 1140 rerum
1593 1114 1744 1150 tempora-

964 1154 1038 1183 lium
1067 1164 1211 1191 magnum
1240 1157 1404 1194 quemdam
1433 1166 1581 1187 secessum
1607 1160 1744 1195 petierat,

965 1201 1098 1237 quietam
1119 1205 1267 1239 mentem,
1290 1204 1321 1232 in
1344 1213 1405 1241 qua
1426 1207 1508 1234 tanto
1530 1206 1629 1234 verius
1654 1209 1746 1236 Deum

966 1250 1108 1285 cerneret,
1122 1252 1235 1286 quanto
1249 1251 1330 1279 hune
1344 1259 1413 1280 eum
1427 1260 1457 1280 se
1472 1252 1536 1281 solo
1552 1252 1650 1282 solum
1665 1254 1746 1283 inve-

965 1297 1050 1324 niret.
1067 1308 1082 1323 »
1099 1298 1164 1326 Haee
1176 1298 1236 1327 ille.
1257 1299 1338 1327 Unde
1353 1300 1504 1328 Psalmista
1517 1309 1641 1329 manens
1656 1302 1687 1330 in
1701 1310 1748 1331 so-

966 1342 1090 1372 litudine
1105 1344 1168 1380 illa,
1184 1345 1225 1374 ait
1239 1346 1249 1364 ⁷
1264 1355 1272 1374 ι
1292 1347 1476 1382 Expectabam
1493 1356 1568 1383 eum,
1584 1350 1633 1384 qui
1644 1350 1747 1377 salvum

967 1399 1006 1418 me
1027 1391 1094 1425 fecit
1111 1400 1127 1419 a
1140 1393 1376 1428 pusillanimitate
1394 1396 1511 1429 spiritus
1531 1398 1556 1423 et
1579 1398 1746 1431 tempestate.

967 1439 999 1466 ln
1018 1438 1129 1474 quibus
1152 1439 1252 1467 verbis
1277 1440 1347 1468 dicit
1372 1441 1518 1477 Propheta
1541 1449 1571 1471 se
1592 1450 1610 1470 a
1629 1442 1748 1471 duobus

968 1484 1054 1512 malis
1075 1484 1235 1514 liberatum
1256 1486 1287 1514 in
1310 1487 1480 1520 solitudine,
1502 1496 1570 1525 quae
1586 1496 1749 1518 consueve-

968 1533 1037 1559 runt
1058 1531 1204 1567 impedire
1225 1533 1413 1562 ambulantes
1432 1535 1463 1562 in
1484 1536 1613 1564 tenebris
1633 1536 1748 1564 aeterni-

968 1577 1050 1612 tatis,
1065 1578 1175 1606 scilicet
1189 1588 1207 1608 a
1221 1580 1462 1616 pusillanimitate
1481 1582 1613 1618 spiritus,
1631 1585 1658 1611 et
1671 1585 1747 1612 tem-

969 1626 1089 1660 pestate.
1105 1625 1235 1654 Primum
1251 1630 1292 1655 est
1308 1627 1439 1662 interim,
1456 1629 1622 1657 seeundum
1641 1632 1683 1658 est
1699 1638 1749 1658 ex-

969 1671 1069 1699 terius.
1085 1672 1232 1707 Primum,
1253 1673 1363 1702 scilieet
1382 1675 1625 1712 pusillanimitas,
1650 1679 1693 1705 est
1711 1686 1748 1706 ex

971 1717 1087 1746 defectu
1104 1719 1175 1746 fidei
1192 1728 1199 1747 z
1214 1728 1251 1748 ex
1273 1729 1333 1757 quo
1354 1722 1456 1750 omnia
1469 1722 1610 1752 interiora
1623 1723 1749 1760 impedi-

970 1766 1071 1793 menta
1085 1765 1233 1801 oriuntur,
1245 1767 1316 1803 quia
1331 1768 1448 1804 spiritus
1463 1769 1526 1797 sine
1540 1770 1601 1798 fide
1613 1770 1749 1799 infirmus

971 1813 1014 1839 est
1026 1820 1120 1848 usque
1135 1813 1174 1840 ad
1189 1816 1326 1842 mortem.
1339 1815 1382 1843 Ab
1395 1815 1451 1843 hac
1465 1816 1706 1852 pusillanimitate
1718 1819 1749 1846 in

970 1858 1129 1887 solitudine
1144 1862 1259 1888 tantum
1274 1861 1403 1890 salvatus
1417 1862 1481 1898 suit,
1497 1865 1529 1891 ut
1545 1864 1623 1893 dicat
1634 1865 1644 1882 ὅ
1656 1874 1662 1893 :
1676 1866 1749 1899 Quo--

971 1908 1046 1934 niam
1063 1909 1094 1935 in
1118 1910 1143 1935 te
1167 1910 1271 1943 eripiar
1295 1918 1312 1936 α
1333 1912 1494 1944 tentatione,
1519 1914 1543 1939 et
1562 1914 1592 1940 in
1615 1915 1668 1941 Deo
1693 1922 1748 1942 meo

972 1955 1158 1989 transgrediar
1171 1964 1287 1983 murum.
1305 1956 1391 1989 Quod
1406 1958 1568 1993 gGregorius
1585 1968 1748 1996 exponens,

971 2000 1114 2035 vigesimo
1139 2003 1220 2029 sexto
1242 2003 1391 2030 Moralium
1405 2003 1425 2037 θ,
1451 2004 1540 2033 dicit:
1559 2014 1572 2031 «
1592 2007 1690 2035 Murus
1708 2010 1750 2036 est

972 2055 1061 2075 omne
1077 2048 1160 2084 quod
1174 2049 1269 2076 itineri
1285 2052 1386 2077 nostro
1398 2050 1536 2086 objicitur
1546 2061 1583 2080 ne
1594 2053 1633 2081 ad
1645 2055 1749 2089 Deum,

972 2102 1062 2130 quem
1098 2095 1266 2131 diligimus,
1305 2099 1488 2125 transeamus
1506 2108 1512 2126 :
1545 2100 1597 2127 sed
1628 2109 1749 2130 murum

971 2141 1216 2177 transgredimur,
1242 2151 1310 2170 eum
1332 2151 1394 2179 prae
1419 2153 1521 2174 amore
1544 2146 1623 2175 illius
1648 2148 1750 2178 omnia

973 2188 1078 2216 mundi
1098 2189 1310 2219 delectamenta
1325 2191 1483 2220 calcamus.
1499 2202 1514 2219 n

1009 2236 1191 2271 Secundum,
1209 2237 1317 2265 seilicet
1333 2239 1505 2275 tempestas,
1522 2242 1564 2268 est
1583 2249 1619 2269 ex
1634 2241 1750 2271 defectu

974 2282 1138 2318 charitatis,
1159 2292 1195 2311 ex
1214 2292 1275 2320 quo
1293 2284 1427 2321 oriuntur
1441 2286 1654 2322 impedimenta
1668 2289 1751 2317 itine-

974 2329 1103 2357 rantium
1118 2330 1155 2358 ab
1171 2331 1319 2365 exteriori,
1337 2333 1408 2368 quia
1423 2333 1519 2361 omnis
1531 2336 1688 2371 tempestas
1703 2344 1751 2364 ex-

975 2376 1063 2404 terior
1077 2376 1247 2413 frequenter
1264 2381 1385 2414 generat
1402 2380 1588 2416 interiorem,
1605 2382 1661 2410 nisi
1675 2383 1752 2411 adsit

976 2423 1111 2458 charitas,
1126 2432 1192 2460 quae
1207 2425 1309 2453 omnia
1327 2425 1439 2454 suffert.
1453 2428 1496 2455 Ab
1511 2427 1566 2456 hac
1581 2430 1752 2465 tempestate
1780 2421 1784 2424 ⁶

975 2470 1006 2497 in
1033 2470 1193 2499 solitudine
1216 2472 1369 2501 Psalmista
1387 2475 1502 2501 tantum
1523 2474 1665 2503 liberatus
1684 2476 1751 2511 fuit,

977 2519 1010 2544 ut
1029 2517 1139 2546 diceret
1155 2520 1176 2535 ¹⁰
1191 2527 1198 2546 ε
1217 2519 1380 2554 (Quoniam
1394 2520 1425 2548 in
1441 2521 1601 2549 solitudine
1620 2524 1753 2558 expecta-

977 2564 1048 2591 bam
1065 2565 1089 2600 ),
1112 2567 1228 2600 perfecit
1252 2566 1331 2601 pedes
1358 2575 1427 2594 meos
1452 2571 1579 2602 tanquam
1607 2577 1751 2598 cervorum.

978 2632 1047 2656 med.
1059 2645 1088 2650 —
1103 2633 1113 2650 '¹
1125 2633 1192 2657 Psal.
1210 2639 1261 2661 μιν,
1279 2635 1301 2657 9.
1315 2647 1345 2651 -
1361 2635 1370 2650 ⁸
1386 2634 1454 2658 Psal.
1472 2641 1534 2664 xvii,
1552 2637 1589 2660 30.
1601 2649 1632 2654 —
1645 2638 1654 2651 ⁰
1667 2638 1753 2670 Greg.,

978 2668 1081 2698 Mosae,
1094 2668 1137 2693 lib.
1154 2669 1241 2700 xxt't,
1259 2676 1281 2693 c.
1296 2675 1321 2693 x.
1337 2684 1362 2687 -—
1383 2671 1401 2685 ¹⁰
1416 2670 1482 2695 Psal.
1500 2677 1563 2702 ΜΗ,
1581 2673 1620 2697 34.

1010 2710 1044 2741 (a)
1059 2711 1119 2736 Coet.
1137 2710 1197 2735 edit.
1212 2713 1328 2736 conatur.

1576 2763 1612 2791 27
