2004 3037
239 228 299 258 436

239 292 450 326 inflammetur,
463 293 491 320 et
504 292 582 320 totus
597 291 629 319 in
642 292 702 319 Deo
715 290 872 327 quietatur,
887 292 916 319 et
927 291 1016 319 istum

239 346 395 367 ascensum
413 339 540 367 doceant
556 339 688 376 praedicti
708 338 818 374 gradus
833 338 1016 374 contempla-

239 385 347 413 tionis:
371 385 496 422 planum
518 387 570 420 est,
595 385 679 422 quod
703 393 757 422 per
777 393 828 413 eos
848 387 945 421 potest
965 393 1015 412 co-

239 432 352 468 gnosci,
368 432 494 468 qualiter
507 432 625 469 spiritus
638 431 884 468 contemplativus
895 431 926 460 iu
941 431 1017 460 illud

239 480 384 507 secretum
404 479 596 508 intrinsecum
615 478 731 507 Domini
749 480 817 507 Jesu
834 478 1018 514 ingrediatur

239 527 268 553 et
281 526 498 554 abscondatur:
513 528 612 554 tamen
622 547 632 560 ,
646 528 768 562 propter
791 525 873 553 istius
892 525 1017 553 manerii

239 573 413 608 utilitatem,
443 573 609 602 notandum
621 593 630 607 ,
663 572 747 610 quod
777 581 844 600 cum
876 572 1017 600 Dominus

239 619 318 648 dicat
333 622 340 638 ¹
358 628 366 649 t
386 621 447 650 Non
460 621 563 648 videbit
580 628 622 648 me
640 621 715 648 homo
727 641 734 654 ‚
752 623 777 648 et
790 621 881 654 vivet,
900 627 1017 647 neeesse

239 668 282 694 est
306 668 339 694 ut
370 667 488 703 spiritus
517 667 764 703 contemplativus
792 666 907 694 mundo
934 666 1017 703 prius

239 713 398 749 moriatur,
414 716 442 742 et
455 714 585 742 mundus
603 714 660 742 sibi
677 714 821 742 moriatur
832 734 841 748 ,
857 715 886 741 et
900 721 934 741 ex
947 715 1017 741 tunc

239 760 270 788 in
291 761 399 788 aeterna
417 761 621 796 ingrediatur,
643 762 671 788 et
693 761 725 788 in
746 761 787 788 eis
806 760 1016 788 abscondatur.

239 807 316 840 Quid
331 809 373 835 est
387 809 485 835 autem
504 807 640 844 spiritum
661 815 715 843 per
736 806 1018 843 contemplationem

238 853 314 882 illud
346 854 537 882 intrinsecum
565 855 711 882 secretum
738 853 866 885 intrare,
894 853 950 880 nisi
979 852 1016 880 ab

239 900 380 929 omnibus
402 901 616 938 temporalibus
637 900 755 928 absolvi
773 902 801 928 et
822 899 974 935 elongari,
991 901 1019 927 et

238 947 270 975 in
283 949 391 976 aeterna
405 948 539 983 extendi,
556 950 584 976 et
603 948 634 975 in
654 947 695 975 eis
710 947 856 976 abscondi
872 946 1018 974 continuis

238 994 431 1030 profectibus,
443 995 540 1023 donec
554 996 632 1022 totus
643 994 748 1029 homo,
763 994 890 1022 exterior
905 996 933 1021 et
946 993 1017 1021 inte-

237 1040 316 1076 rior,
336 1041 367 1069 in
393 1043 484 1070 Deum
509 1041 677 1076 ordinetur,
700 1043 789 1078 prout
810 1040 952 1077 possibile
977 1042 1019 1068 est

237 1088 323 1116 statui
341 1088 419 1116 viae‘?
441 1088 523 1116 Unde
539 1088 712 1124 Gregorius,
737 1087 814 1116 libro
839 1090 945 1124 quarto
969 1087 1018 1115 de-

238 1135 315 1163 cimo
330 1136 488 1171 Moralium,
503 1135 573 1163 dicit
589 1144 595 1163 :
615 1146 628 1161 «
643 1135 906 1171 contemplationis
920 1142 1018 1171 penna

237 1189 292 1210 nos
307 1182 460 1217 sublevat,
477 1184 564 1219 atque
580 1190 596 1210 a
610 1182 698 1210 nobis
721 1182 760 1210 ad
775 1182 860 1209 illum
876 1182 1018 1217 erigimur

237 1228 413 1256 intuendum
428 1229 550 1264 raptim,
567 1231 594 1257 et
609 1229 770 1257 intentione
787 1229 896 1262 cordis,
912 1231 940 1256 et
955 1228 1019 1256 dul-

238 1275 341 1303 cedine
357 1276 634 1312 contemplationis,
650 1276 752 1312 aliquo
776 1275 868 1303 modo
891 1284 908 1303 a
930 1275 1018 1303 uobis

237 1322 315 1350 imus
335 1323 365 1350 in
387 1323 503 1359 ipsum,
525 1326 552 1351 et
573 1324 629 1351 hoc
657 1323 697 1351 ire
720 1325 761 1351 est
784 1323 979 1359 requiescere.
1002 1333 1015 1349 ι)

238 1370 418 1398 Dissimiliter
434 1374 532 1399 tamen
555 1371 668 1408 requiei
685 1371 792 1399 divinae
809 1371 1018 1405 assimilamur,

238 1419 266 1445 et
289 1417 440 1446 imitamur
460 1419 595 1454 requiem
616 1418 664 1445 Dei
696 1427 702 1445 z
731 1426 802 1445 nam
816 1418 948 1454 sequitur
962 1418 1018 1445 ihi-

239 1463 331 1492 dem:
364 1475 378 1491 α
404 1467 536 1501 Namque
561 1467 593 1493 ut
621 1465 700 1492 beati
726 1465 817 1492 simus
848 1467 875 1492 et
899 1464 1018 1499 aeterni,

238 1513 379 1539 aeternum
403 1512 586 1540 imitabimur
612 1512 641 1539 in
669 1515 833 1545 aeternum,
858 1514 885 1539 et
911 1519 1020 1547 magna

240 1558 327 1586 nobis
352 1561 392 1586 est
417 1559 581 1594 oeternitas,
605 1559 730 1587 imitatio
756 1559 938 1593 aeternitatis,
965 1567 1018 1587 nec

241 1608 375 1642 expertes
390 1614 491 1634 sumus
506 1607 569 1641 ejus
589 1614 680 1642 quam
696 1606 802 1634 imitari
818 1615 986 1642 possumus.
1004 1618 1017 1631 »

242 1653 305 1680 Haec
328 1654 493 1688 Gregorius.
519 1655 638 1689 Oportet
662 1653 741 1681 enim
764 1662 867 1681 verum
892 1656 1021 1681 coutem-

242 1702 389 1735 platorem
405 1700 480 1727 mori
500 1700 628 1734 mundo,
648 1703 679 1727 ut
695 1700 824 1727 mundus
840 1701 894 1727 sihi
915 1701 1022 1728 moria-

244 1748 304 1778 tur,
324 1746 398 1773 utin
413 1747 496 1774 nullo
517 1747 725 1782 contemplatio
748 1748 811 1780 ejus
833 1747 1020 1782 impediatur.

246 1793 316 1821 Dicit
330 1790 407 1820 enim
424 1794 590 1828 Gregorius,
608 1793 685 1820 libro
703 1793 948 1827 duodevigesimo
965 1795 1022 1821 ,llo-

245 1841 344 1866 ralcum
356 1841 366 1856 2
384 1849 390 1866 z
411 1850 423 1865 α
442 1839 579 1875 Quisquis
593 1839 783 1875 sapientiam,
800 1848 865 1875 quie
881 1841 955 1867 Deus
971 1842 1022 1873 cst,

245 1885 336 1919 videt,
351 1886 419 1913 huic
429 1887 493 1914 vitae
508 1885 639 1913 funditus
650 1886 784 1920 moritur,
798 1886 906 1921 nejam
921 1894 1022 1914 amore

247 1932 309 1968 ejus
329 1934 469 1960 teneatur.
495 1943 507 1958 »
533 1932 608 1960 'l'alis
636 1932 689 1960 t'uit
714 1932 762 1959 ille
785 1940 871 1960 verus
893 1935 1023 1961 contem-

246 1979 344 2016 plator
367 1979 487 2014 Paulus,
512 1979 632 2015 quando
662 1979 735 2006 dixit
753 1980 763 1995 ‘³
788 1989 793 2006 :
823 1980 1024 2007 Mihtrnundus

247 2028 391 2061 crucificrus
416 2029 465 2060 est,
494 2030 518 2053 ct
546 2035 591 2060 eyo
619 2027 727 2053 mundo.
757 2026 844 2059 Quod
868 2027 1024 2061 Gregorius

249 2081 400 2109 exponens
412 2095 419 2105 ,
449 2073 526 2101 libro
555 2073 659 2109 quinto
689 2074 835 2100 Moralium
848 2094 856 2106 ,
885 2073 955 2101 dicit
982 2073 991 2088 '⁴
1017 2083 1022 2088 ·

252 2129 266 2146 ι(
280 2120 405 2148 Mundus
429 2120 551 2156 quidem
580 2120 605 2146 ei
634 2120 789 2147 crucifixus
816 2120 928 2154 fuerat,
955 2121 1025 2156 quia

249 2167 328 2194 hunc
343 2167 421 2195 cordi
438 2175 491 2194 suo
504 2167 567 2202 jam
582 2169 733 2194 mortuum
748 2174 809 2193 non
824 2167 952 2194 amabat.
969 2167 1025 2194 Sed

249 2213 378 2249 seipsum
391 2213 504 2240 mundo
520 2213 720 2246 crucifixerat,
736 2213 806 2248 quia
822 2213 910 2240 talem
925 2222 955 2241 se
971 2222 1025 2241 ex—

249 2259 351 2287 hibere
365 2260 490 2293 studuit,
507 2262 537 2286 ut
556 2260 593 2287 al)
610 2268 644 2286 eo
665 2259 748 2295 quasi
768 2262 901 2287 mortuus
916 2269 1024 2288 roncu-

249 2306 321 2342 pisci
344 2314 405 2333 non
432 2309 540 2342 posset.
570 2316 582 2331 ι)
609 2307 640 2332 Et
664 2306 795 2341 sequitur
817 2308 826 2322 ‘⁹
853 2316 858 2334 :
888 2318 901 2332 a
929 2308 1024 2335 Sancti

248 2353 337 2388 igitur
350 2353 405 2380 viri
427 2353 464 2380 ab
480 2352 698 2387 importunitate
714 2353 929 2380 desideriorum
951 2357 1024 2381 tcm-

248 2400 412 2436 poralium,
426 2408 443 2427 a
459 2399 584 2426 tumultu
599 2398 748 2425 inutilium
764 2408 915 2432 curarum,
932 2409 949 2428 a
964 2401 1023 2428 cla—

248 2455 332 2474 more
355 2446 601 2482 perstrepentium
627 2445 827 2473 turbationum
852 2448 1024 2483 semetipsos

248 2493 323 2521 sacri
350 2492 434 2520 verbi
459 2492 558 2527 gladio
587 2492 763 2520 mortificare
787 2501 848 2520 non
868 2493 1022 2529 desinunt,

249 2542 337 2576 atque
352 2539 429 2567 intus
444 2541 510 2567 ante
526 2539 574 2566 Dei
589 2539 694 2566 faeiem
710 2540 740 2566 iu
755 2539 820 2567 sinu
837 2540 941 2568 mentis
956 2541 1023 2569 abs—

281 2615 288 2630 ¹
308 2613 399 2644 Exod„
414 2618 507 2642 xxxiii,
523 2614 561 2636 20.
577 2625 607 2629 -
622 2612 632 2627 ²
647 2613 732 2644 Gieg„
750 2612 852 2642 ium-al..
872 2613 915 2637 lib.
932 2614 1021 2643 xxm,

249 2657 272 2673 e.
296 2650 351 2680 ult.,
375 2651 432 2673 ante
452 2648 520 2672 med.
541 2661 571 2667 —
596 2648 605 2664 ³
631 2648 696 2679 (ΜΛ,
720 2655 757 2678 vi,
786 2650 822 2672 ti.
848 2662 874 2666 —-
901 2649 910 2664 ⁴
935 2650 1021 2679 Greg,

248 2685 353 2713 Morul„
367 2685 411 2709 lib.
428 2686 458 2714 Y,
474 2691 495 2709 c.
513 2689 551 2713 111.
568 2683 636 2708 circa
650 2684 717 2708 nied.
732 2697 761 2702 ·—
773 2683 869 2714 ²³1bid.,
886 2694 909 2708 c,
926 2691 949 2715 v,
963 2687 1019 2715 post

649 223 698 255 DE
720 222 877 255 SEPTEM
897 221 1124 255 ITINERIBUS
1145 221 1436 256 AETERNITATIS.

1073 290 1251 319 conduntur.
1265 291 1348 319 Unde
1355 292 1433 319 recte
1445 298 1500 328 per
1507 290 1690 320 psalmistam
1703 291 1809 321 dicitur
1816 291 1827 310 ⁸
1838 301 1846 320 :

1072 337 1225 366 Abscondes
1246 346 1288 366 eos
1308 340 1339 365 in
1359 338 1514 366 abscondito
1531 338 1625 366 vultus
1637 339 1695 373 tui,
1709 346 1730 366 n
1741 341 1849 375 pertiti·-

1074 385 1180 413 bati'one
1195 385 1341 413 hominum.
1358 384 1445 419 Quod
1460 384 1596 421 quamvis
1617 384 1746 421 perfecte
1766 387 1849 422 post-

1072 432 1199 460 modum
1211 431 1272 467 fiat,
1288 432 1456 460 etiamnunc
1469 440 1506 460 ex
1519 439 1630 467 magna
1641 433 1726 468 parte
1741 432 1848 470 agitur,

1073 487 1140 507 cum
1155 487 1173 507 a
1186 478 1401 514 temporalibus
1419 478 1613 514 tumultibus,
1632 480 1660 506 et
1680 487 1786 507 eorum
1799 478 1851 507 de-

1072 525 1246 560 lectatione,
1268 525 1298 553 in
1330 525 1472 554 interiora
1503 525 1659 561 rapiuntur
1682 534 1690 553 ι
1714 527 1747 554 ut
1767 533 1851 559 mens

1074 580 1178 600 eorum
1189 594 1198 607 ‚
1214 572 1287 600 dum
1301 571 1333 600 in
1348 580 1449 600 amore
1464 572 1514 599 Dei
1528 574 1590 600 tota
1603 572 1748 607 tenditur,
1768 571 1853 601 nulla

1073 619 1177 647 mundi
1192 619 1414 655 perturbatione
1435 619 1588 647 laceretur.
1610 619 1681 647 Hinc
1695 621 1753 654 est,
1767 619 1852 656 quod

1073 666 1179 694 Paulus
1194 666 1443 702 contemplatione
1455 667 1601 701 mortuos,
1613 666 1699 702 quasi
1709 666 1740 694 in
1754 666 1853 702 sepul-

1074 713 1151 751 chro,
1169 713 1360 741 absconditos
1389 712 1550 749 discipulos
1577 713 1713 748 viderat,
1743 712 1852 749 quibus

1074 759 1211 788 dicebat⁷
1223 768 1230 787 :
1243 760 1349 787 Mortui
1357 760 1429 787 enim
1439 761 1515 792 estis,
1530 762 1556 787 et
1568 762 1628 787 vita
1640 762 1730 788 uestra
1742 761 1852 788 abscon-

1074 806 1135 834 dita
1149 809 1187 834 est
1202 813 1260 834 cum
1278 805 1383 833 Christo
1397 807 1427 833 in
1445 807 1508 834 Deo.
1524 815 1538 832 n
1555 806 1620 834 Haec
1629 805 1690 835 ille.

1289 901 1533 935 DISTINCTIO
1562 902 1635 936 V11.

1077 973 1199 1006 Qualiter
1218 975 1334 1009 spiritus
1353 974 1484 1002 humanus
1504 974 1542 1001 ad
1560 973 1718 1001 veniendum
1733 981 1784 1010 per
1801 976 1855 1002 iter

1107 1019 1336 1054 contemplationis
1349 1019 1386 1046 ad
1395 1023 1522 1047 secretum
1531 1019 1594 1047 JES
1599 1020 1622 1047 U
1631 1020 1763 1047 invitetur
1775 1019 1823 1055 (a).

1110 1090 1240 1126 Septimo
1259 1089 1421 1118 videndum
1441 1091 1497 1124 est,
1514 1089 1641 1126 qualiter
1660 1088 1779 1125 spiritus
1797 1088 1853 1117 hu—
1869 1094 1976 1116 1nvimm·

1074 1144 1197 1171 manus,
1212 1136 1251 1164 ad
1272 1136 1454 1164 veniendum
1476 1144 1529 1172 per
1552 1136 1606 1164 iter
1621 1136 1761 1171 jucuudae
1782 1143 1853 1164 con-

1074 1183 1272 1220 templationis
1297 1183 1337 1211 ad
1354 1183 1546 1210 intrinsecum
1567 1185 1711 1211 secretum
1737 1182 1853 1211 Domini

1074 1231 1150 1264 Jesu,
1176 1230 1214 1257 ab
1239 1238 1274 1258 eo
1295 1221 1444 1264 invitetu‘r,
1469 1230 1583 1266 Sponso
1606 1229 1637 1257 in
1665 1229 1784 1257 Canticis
1808 1228 1855 1257 di-

1877 1125 1967 1152 spiritus

1882 1157 1958 1177 huma-

1878 1194 1924 1208 nus
1933 1187 1961 1208 ad

1882 1219 1964 1246 jucun-

1876 1251 1966 1272 ditatem

1075 1277 1181 1304 cente⁸
1209 1287 1216 1304 τ
1241 1277 1334 1312 Surge,
1360 1285 1488 1312 propera,
1517 1278 1606 1304 amica
1631 1284 1705 1308 mea,
1732 1275 1855 1303 columba
1868 1285 1967 1304 oontem-

1075 1332 1145 1355 πιθα,
1172 1325 1290 1356 formosa
1313 1332 1388 1356 mea,
1418 1327 1443 1351 et
1466 1325 1537 1351 veni.
1563 1323 1651 1358 Cujus
1673 1322 1854 1350 invitationis

1075 1371 1227 1406 subjungit
1247 1371 1431 1405 allectivum,
1457 1370 1579 1398 dicens:
1600 1371 1684 1403 Veni,
1700 1369 1771 1406 quia
1791 1369 1855 1404 J‘am

1075 1421 1118 1446 est
1141 1418 1297 1446 itinerandi
1321 1425 1437 1446 amoena
1458 1417 1643 1453 jucunditaS,
1669 1417 1740 1453 quia
1767 1416 1855 1445 flores

1075 1468 1277 1501 apparuerunt
1291 1465 1321 1492 in
1339 1467 1417 1493 terra
1431 1466 1541 1492 nostra.
1565 1466 1629 1492 Jam
1644 1464 1724 1492 enim
1740 1465 1855 1500 tempus

1076 1512 1195 1540 vernale
1216 1512 1351 1546 advenit,
1373 1520 1409 1540 ex
1424 1511 1577 1548 praesentia
1599 1511 1693 1539 divini
1713 1510 1788 1538 Solis
1807 1509 1854 1537 in-

1076 1559 1196 1587 carnati.
1225 1559 1304 1587 Unde
1327 1559 1484 1594 Origenes,
1504 1567 1586 1594 super
1608 1558 1740 1592 Cantica,
1762 1556 1853 1584 dicit:

1079 1617 1091 1632 a
1107 1608 1172 1642 Ipso
1192 1606 1254 1633 sole
1276 1606 1393 1641 justitioe
1412 1606 1523 1634 oriente
1535 1627 1543 1640 ,
1565 1605 1659 1632 hiems
1680 1603 1811 1638 transiit,
1828 1604 1857 1631 et

1076 1661 1126 1680 ver
1141 1653 1210 1680 fidei
1226 1653 1323 1681 calore
1343 1653 1465 1688 Spiritus
1481 1652 1574 1680 sancti
1590 1654 1699 1679 terram
1714 1650 1812 1684 solvit,
1828 1651 1856 1677 et

1078 1700 1164 1726 tiores
1186 1700 1325 1727 virtutum
1346 1699 1494 1734 producit.
1510 1709 1523 1724 1>
1546 1700 1632 1733 Ergo,
1649 1706 1667 1725 o
1682 1698 1771 1724 amica
1785 1703 1854 1730 mea,

1077 1748 1198 1780 propter
1223 1745 1481 1780 contemplationis
1504 1747 1559 1772 tuoe
1581 1751 1753 1771 amorosum
1769 1742 1856 1770 affec-

1078 1794 1156 1826 tum,
1173 1792 1333 1819 vulnerasti
1355 1800 1405 1819 eor
1421 1799 1539 1825 meum,
1557 1792 1661 1826 Sponsa
1676 1798 1750 1822 mea,
1765 1797 1856 1825 pene-

1077 1838 1172 1866 raudo
1198 1839 1369 1867 dulcifluam
1394 1838 1585 1866 dulcedinem
1611 1837 1643 1864 in
1668 1845 1730 1865 uno
1753 1835 1856 1864 oculo-

1078 1894 1145 1913 rum
1161 1889 1290 1921 tuomm,
1307 1886 1382 1914 sieut
1396 1885 1518 1921 exponit
1533 1883 1734 1918 vercellensis,
1750 1883 1782 1911 id
1797 1885 1857 1918 est,

1079 1933 1270 1968 intelligentia
1288 1935 1339 1960 tua
1356 1935 1478 1960 attracta
1493 1934 1521 1960 et
1534 1931 1722 1967 simplificata
1736 1930 1767 1958 in
1785 1938 1858 1958 con-

1079 1980 1270 2015 templatione
1293 1979 1521 2016 pulchritudinis
1544 1987 1626 2006 meae.
1643 1979 1728 2012 Surge
1743 1979 1857 2005 menta-

1079 2026 1145 2054 liter
1178 2035 1230 2062 per
1267 2035 1411 2055 amorosae
1447 2024 1706 2061 contemplationis
1741 2032 1858 2052 sursum

1080 2074 1246 2108 actionem,
1275 2076 1325 2108 ut,
1357 2074 1432 2101 sicut
1458 2073 1530 2100 dicit
1551 2071 1654 2100 Glossa
1674 2078 1763 2107 super
1783 2069 1859 2098 illud

1080 2121 1202 2148 Matthaei
1214 2122 1224 2136 ⁹
1243 2129 1249 2147 z
1270 2121 1404 2155 Respicite
1419 2120 1548 2147 volatilia
1562 2120 1635 2150 coeli,
1651 2118 1716 2146 sola
1730 2119 1860 2146 contem-

1080 2167 1211 2202 platione
1224 2168 1286 2202 jam
1301 2167 1331 2194 in
1354 2167 1428 2194 coelo
1444 2167 1552 2201 degas,
1567 2165 1653 2201 quasi
1667 2164 1730 2192 avis
1745 2163 1857 2198 eoelica,

1080 2222 1141 2241 non
1160 2216 1285 2242 terrena.
1303 2215 1324 2242 O
1349 2214 1468 2240 columba
1491 2221 1565 2247 ntea,
1582 2213 1704 2248 propter
1723 2212 1858 2239 contem-

1080 2261 1219 2296 plationis
1239 2263 1294 2287 tuae
1317 2260 1470 2287 radiosum
1485 2261 1648 2295 aspectum,
1666 2258 1738 2294 quia
1748 2257 1770 2274 ¹⁰
1789 2257 1859 2284 oculi

1082 2310 1122 2334 tui
1137 2308 1316 2334 columbarum
1328 2328 1337 2341 ,
1356 2306 1407 2334 ubi
1424 2306 1495 2334 dicit
1518 2305 1620 2334 Glossa
1636 2314 1642 2332 :
1661 2314 1675 2330 (ι
1696 2305 1801 2332 Sensus
1815 2302 1858 2331 tui

1080 2354 1245 2389 spirituales
1266 2353 1515 2389 contemplatione
1540 2351 1738 2388 spiritualium
1757 2357 1857 2378 rerum

1080 2400 1253 2428 excellentes
1268 2400 1424 2427 reverendi
1445 2401 1513 2427 sunt
1532 2401 1560 2427 et
1574 2396 1772 2433 simplificati,
1789 2396 1856 2424 ideo

1079 2447 1174 2482 magis
1188 2447 1342 2475 confortati
1358 2457 1363 2474 :
1377 2449 1535 2483 propterca
1550 2445 1590 2473 ait
1604 2443 1692 2472 isaias
1709 2444 1728 2460 ¹²
1744 2452 1751 2470 ε
1768 2443 1857 2470 Assu-

1079 2497 1151 2521 nzent
1167 2502 1269 2528 pennus
1286 2498 1316 2521 ut
1331 2496 1440 2529 aquilae,
1457 2493 1596 2525 volabunt,
1614 2494 1638 2518 et
1653 2499 1705 2518 non
1721 2490 1856 2524 deficient.

1079 2568 1146 2592 med.
1159 2581 1188 2585 —
1201 2568 1211 2584 6
1223 2568 1290 2592 Pml.
1307 2574 1369 2598 xxx,
1386 2570 1424 2592 21.
1437 2581 1466 2585 —
1481 2568 1488 2581 ⁷
1503 2566 1661 2595 Colors.,1u‚
1675 2565 1740 2588 3.-
1753 2563 1762 2577 ⁸
1775 2562 1858 2594 Cant„

1080 2609 1109 2634 11,
1129 2606 1164 2627 10.
1180 2617 1210 2621 -—
1225 2607 1232 2618 ³
1248 2604 1349 2635 Mattlu,
1367 2610 1400 2634 vi,
1413 2605 1452 2628 26.
1465 2615 1491 2620 -
1508 2604 1525 2617 '⁰
1542 2602 1672 2631 Cant.,1v,
1689 2602 1752 2624 1.-
1769 2599 1784 2613 ¹¹
1797 2598 1858 2626 1sa.,

1079 2644 1121 2669 XL,
1138 2640 1177 2662 31.

1112 2687 1144 2715 (u)
1160 2686 1223 2710 Cret.
1240 2686 1300 2711 edit.
1318 2687 1448 2710 invitatur.

1882 1313 1949 1349 piatio
1953 1325 1963 1330 -

1896 1351 1932 1366 ms
