2004 3037
637 264 687 297 DE
709 263 875 297 NATURA
897 262 974 294 DE!-
999 261 1086 293 CAP.
1110 261 1215 294 XXIV.
1694 261 1733 290 79

120 335 247 369 tionem,
258 334 326 363 dico
338 333 441 371 quoad
454 334 586 369 motum,
598 333 650 370 qui
665 333 790 370 quidem
803 333 898 360 motus

119 381 300 411 necessitatis
315 381 475 410 convenire
489 389 551 410 non
560 381 666 417 potest.
678 380 820 414 Quaedam
832 380 900 407 sunt

121 437 251 465 quorum
278 427 454 464 significatio
481 429 540 456 Deo
569 427 730 462 convenit,
755 426 808 454 sed
837 434 900 453 non

121 475 230 503 modus
250 474 455 511 significandi,
476 476 509 502 ut
522 483 626 510 creare,
641 476 740 508 facere.
758 472 899 507 Quaedam

120 523 188 550 sunt
202 530 330 558 quorum
343 521 534 557 significatio,
548 523 576 550 et
589 521 699 549 modus
711 519 899 556 significandi

120 569 179 596 Deo
199 568 352 604 convenit;
371 571 403 597 ut
421 570 502 605 patet
525 569 556 596 in
577 568 635 597 hoc
651 569 744 597 verbo
766 567 858 596 Exodi
871 567 897 595 ¹:

121 616 174 649 Qui
184 619 234 648 est,
248 617 325 643 misit
339 623 381 643 me
395 616 432 643 ad
442 624 498 644 vos.

154 663 188 690 Et
201 662 384 697 notandum,
399 663 483 699 quod
499 663 601 691 omnia
620 671 688 700 quoe
706 664 774 690 sunt
788 660 899 697 persec-

119 708 221 743 tionis,
237 709 274 737 de
289 710 347 737 Deo
367 717 436 738 vere
456 709 611 745 dicuntur3
632 718 699 746 quae
719 710 818 737 autem
832 709 900 736 sunt

119 755 365 792 imperfectionis,
384 764 446 784 non
462 757 599 785 dicuntur
616 766 623 785 z
639 757 688 785 vel
704 757 752 793 (a),
769 764 837 783 cum
857 755 899 783 di-

120 805 235 836 cuntur,
251 805 303 832 aut
316 804 482 832 secundum
503 805 737 840 assumptionem
760 803 899 831 humanae

119 852 249 885 naturae,
264 853 314 878 aut
329 851 499 879 translative
515 851 664 879 dicuntur.

157 899 228 925 ltem
242 897 273 925 in
288 897 396 925 divinis
415 899 530 926 tantum
551 900 619 925 sunt
642 897 704 925 duo
723 897 807 925 modi
823 905 898 932 prae-

121 943 261 978 dicandi,
283 945 391 972 scilicet
417 952 471 980 per
496 944 622 972 modum
649 943 818 972 substantiae
834 965 842 977 ,
872 945 899 971 et

119 999 172 1027 per
186 991 313 1019 modum
329 991 480 1019 relationis
495 1000 502 1019 :
519 991 572 1018 sed
586 991 750 1019 substantia
769 990 899 1018 continet

120 1037 262 1065 unitatem
272 1059 280 1072 ,
296 1039 324 1065 et
337 1037 441 1066 relatio
456 1037 635 1073 multiplicat
648 1037 829 1065 Trinitatem.

155 1085 297 1118 Quaedam
319 1086 386 1112 sunt
402 1084 526 1112 nomina
550 1093 616 1120 quae
632 1084 669 1112 de
685 1086 744 1112 Deo
760 1084 898 1112 dicuntur

118 1131 309 1166 aeternaliter,
324 1132 357 1159 ut
372 1133 500 1159 Dominus
516 1133 544 1159 et
558 1133 730 1165 Misericors,
747 1139 812 1167 quae
828 1139 898 1159 con-

118 1180 222 1207 notant
229 1178 366 1206 effectum
376 1178 408 1206 in
421 1180 557 1206 creatura
570 1178 735 1206 secundum
744 1178 880 1206 habitum
886 1189 895 1214 3

119 1225 258 1262 qu=edam
283 1233 355 1253 vero
381 1225 585 1261 temporaliter
595 1247 604 1260 ,
630 1227 662 1253 ut
683 1226 842 1253 Dominator
871 1228 898 1253 et

118 1274 274 1305 miserator,
289 1280 355 1308 quae
370 1274 532 1300 connotant
552 1272 690 1300 effectum
710 1272 742 1299 in
763 1274 897 1300 creatura

118 1319 283 1347 secundum
301 1321 419 1354 actum3
436 1319 576 1355 quaedam
599 1319 773 1355 pluraliter,
789 1322 821 1347 ut
832 1328 896 1355 per-

117 1373 203 1400 sonae,·
220 1366 359 1402 quaedam
373 1366 578 1401 singulariter,
597 1368 629 1394 ut
648 1368 718 1394 Deus
729 1376 738 1400 ,-
759 1366 897 1402 quaedam

118 1413 238 1448 proprie
248 1434 257 1447 ,
273 1414 305 1440 ut
319 1413 513 1449 proprietates
530 1421 742 1449 personarum3
758 1413 897 1449 quaedam

119 1459 309 1495 appropriate
323 1481 332 1494 ,
358 1461 390 1487 ut
412 1459 559 1495 potentia,
579 1459 740 1496 sapientia;
759 1459 898 1495 quiedam

119 1505 259 1541 positive,
275 1507 306 1533 ut
325 1506 433 1540 justus:
453 1506 592 1542 quaedam
612 1506 777 1542 privative,
792 1508 824 1534 ut
844 1508 896 1533 im—

119 1553 243 1579 mortalis
255 1562 263 1579 z
276 1554 304 1579 et
315 1552 377 1580 haec
388 1552 483 1588 magis
494 1552 615 1589 proprie
627 1553 764 1580 dicuntur
777 1552 813 1580 de
827 1554 896 1588 Deo,

120 1607 212 1634 quam
234 1599 362 1635 positiva
376 1621 385 1634 ,
411 1599 482 1635 quia
505 1599 611 1627 melius
634 1599 741 1628 dicitur
766 1599 803 1627 de
818 1601 897 1634 Deo,

121 1645 191 1681 quid
210 1654 272 1673 non
286 1646 332 1680 sit,
354 1654 446 1682 quam
462 1646 536 1682 quid
555 1647 600 1673 sit.
616 1646 758 1680 Quaedam
777 1646 898 1674 transla-

120 1692 196 1727 tive,
216 1692 290 1720 sicut
313 1694 351 1720 leo
361 1702 371 1726 ;
390 1693 528 1729 quaedam
543 1692 579 1729 (b)
594 1693 759 1729 symbolice
780 1693 817 1720 de
839 1695 897 1721 Deo

121 1738 268 1774 dicuntur,
283 1742 315 1767 ut
329 1748 428 1774 aynus,
448 1741 496 1768 leo.
519 1740 633 1776 Duplex
653 1742 694 1767 est
716 1740 795 1768 enim
815 1740 898 1768 theo-

120 1785 218 1820 logia,
241 1787 408 1822 symbolica
430 1787 586 1821 videlicet,
607 1788 634 1814 et
656 1787 790 1823 mystica.
815 1788 898 1823 Sym-

120 1832 219 1860 bolica
234 1833 368 1861 nominat
388 1835 480 1861 Deum
495 1834 533 1862 ab
554 1834 686 1862 inferiori
698 1844 706 1869 3
722 1835 864 1870 mystica,
881 1843 897 1862 a

121 1879 276 1914 superiori.
293 1881 466 1916 Symbolica
486 1881 622 1909 nominat
646 1883 737 1909 Deum
755 1890 808 1917 per
828 1889 898 1909 con-

121 1925 301 1954 venientiam
325 1935 440 1962 rerum,
463 1936 531 1955 cum
555 1928 662 1956 dicitur
681 1929 735 1962 leo,
756 1937 854 1963 aquus,
872 1930 899 1955 et

121 1972 312 2008 hujusmodi;
328 1975 453 2010 mystica
477 1983 563 2009 vero,
582 1975 614 2002 id
638 1977 680 2002 est
700 1975 830 2009 occulta,
847 1983 899 2002 no-

121 2019 214 2046 minat
230 2021 321 2047 Deum
335 2029 388 2056 per
399 2021 471 2056 hoc,
489 2021 572 2057 quod
586 2022 616 2048 in
632 2022 749 2049 occulto
772 2021 808 2049 de
833 2022 898 2058 ipso

121 2065 207 2092 sentit
217 2073 270 2101 per
284 2065 512 2094 intellectualem
522 2068 682 2101 visionem,
694 2068 755 2095 sive
770 2070 899 2096 contem-

121 2111 299 2146 plationem,
315 2115 346 2140 ut
361 2113 483 2148 quando
498 2114 633 2141 nominat
649 2115 740 2141 Deum
756 2122 877 2141 suavem
890 2136 897 2148 ,

122 2157 240 2185 dulcem
255 2180 264 2193 ,
285 2159 426 2187 dilectum
442 2181 451 2194 ,
478 2162 505 2188 et
528 2160 711 2195 hujusmodi.
738 2160 899 2196 Utrobique

121 2206 219 2232 tamen
233 2213 286 2241 per
300 2208 447 2234 creaturas
463 2207 650 2242 nominatur-3
666 2207 718 2235 sed
733 2207 763 2234 in
779 2207 899 2243 symbo-

121 2250 179 2279 lica
202 2260 256 2287 per
275 2253 449 2288 exteriores,
469 2254 500 2281 in
522 2253 648 2290 mystica
670 2262 724 2289 per
748 2254 899 2281 interiores

122 2300 149 2325 et
171 2298 321 2334 digniores
341 2300 480 2335 affectus,
496 2309 572 2337 quos
587 2301 688 2329 anima
709 2309 799 2337 supra
815 2309 844 2328 se
857 2309 900 2328 re-

123 2344 192 2380 cipit
215 2355 220 2372 :
249 2347 277 2373 et
298 2346 338 2374 ita
364 2347 492 2383 imponit
520 2356 574 2383 per
596 2348 709 2376 donum
732 2348 898 2384 sapientiae,

123 2392 207 2426 cujus
228 2393 384 2429 proprium
401 2394 637 2430 experimentum
657 2397 699 2422 est
720 2403 899 2430 cognoscere

124 2438 220 2473 qualis
240 2439 276 2466 sit
298 2441 383 2467 Deus.
400 2441 541 2474 Quaedam
566 2441 703 2469 dicuntur
728 2441 898 2475 collective,

123 2485 155 2511 ut
171 2486 309 2518 Trinitas,
329 2488 433 2519 trinus5
448 2488 589 2523 quaedam
604 2488 724 2516 relative
736 2509 744 2522 ,
762 2491 793 2516 nt
804 2496 900 2524 {equa-

123 2529 174 2564 lis,
190 2531 292 2559 similis
303 2542 311 2567 ς
326 2533 465 2568 quaedam
488 2535 650 2570 respective
675 2535 714 2562 ad
734 2538 898 2569 creaturas,

124 2579 155 2604 ut
173 2577 289 2613 Creator,
306 2581 453 2614 refuqium.
467 2583 499 2608 Et
510 2581 573 2609 haec
584 2581 708 2609 nomina
722 2590 783 2610 non
798 2582 900 2609 dicunt

124 2623 298 2652 relationem
314 2626 362 2653 Dei
375 2627 414 2654 ad
428 2627 521 2662 aliud,
534 2628 585 2655 sed
601 2628 728 2655 aliorum
742 2629 781 2655 ad
798 2630 897 2656 Deum.

157 2686 188 2717 (a)
214 2686 275 2710 Caet.
299 2687 358 2712 edit.
381 2696 429 2712 non
455 2689 544 2714 liabent
570 2690 618 2714 vel.
642 2704 673 2709 —
696 2690 728 2720 (b)
753 2691 814 2716 Caet.
838 2692 899 2715 edit.

125 2729 190 2753 quae.
211 2736 236 2739 κ-
257 2723 284 2753 (c)
303 2723 362 2747 Item
377 2725 439 2749 sine.

954 332 1017 359 Duo
1042 331 1110 359 sunt
1132 329 1308 366 principalia
1331 328 1455 358 nomina
1474 327 1542 361 Dei,
1557 326 1735 360 scilicetQuz'

954 381 994 406 est
1009 399 1017 412 ,
1030 379 1058 405 et
1072 379 1184 405 Bonum.
1197 378 1250 405 Per
1263 376 1395 412 primum
1410 374 1592 410 significatur
1607 374 1657 402 Dei
1672 381 1734 401 esse

954 425 1126 453 absolutum
1142 424 1171 452 in
1192 432 1238 459 se,
1255 424 1283 451 et
1302 423 1343 451 sic
1358 422 1562 451 consideratur
1583 422 1616 448 ut
1637 420 1734 448 infini-

954 474 1033 507 tum,
1050 471 1122 508 quia
1137 472 1191 505 Qui
1211 473 1249 499 est
1270 470 1342 498 dicit
1356 469 1552 497 substantiam
1566 468 1712 496 infinitam
1723 489 1732 503 ,

955 527 1023 547 cum
1038 518 1075 546 sit
1097 526 1208 546 nomen
1231 516 1389 545 infinitum.
1407 518 1460 544 Per
1473 515 1638 543 secundum
1652 517 1735 543 nota-

955 567 1001 593 tur
1017 573 1079 593 esse
1106 565 1256 599 divinum,
1279 566 1311 591 ut
1334 571 1424 591 causa
1440 571 1447 588 .-
1464 562 1531 590 fecit
1555 561 1635 589 enim
1658 563 1734 589 Deus

955 613 1056 641 omnia
1079 614 1201 648 propter
1224 610 1390 639 bonitatem
1413 617 1508 637 suam.
1529 609 1560 636 ln
1582 608 1734 643 theologia

953 659 1132 696 supponitur
1144 658 1229 695 quid,
1243 660 1270 686 et
1283 658 1341 685 hoc
1352 664 1407 693 per
1417 655 1542 684 nomina
1556 655 1733 688 essentialia,

954 710 986 736 ut
1005 710 1097 743 Deus,
1120 708 1276 742 divinitas,
1300 707 1442 742 potentia,
1467 705 1597 737 essentia,
1622 706 1732 731 natura.

953 756 1025 783 Item
1040 755 1218 791 supponitur
1231 753 1312 790 quis,
1329 754 1362 780 ut
1376 760 1446 780 curn
1467 750 1645 787 supponitur
1666 758 1734 785 per-

954 810 1038 830 sona.
1055 804 1126 830 ltem
1140 801 1317 838 supponitur
1329 808 1409 836 quae,
1425 801 1457 826 ut
1470 806 1539 826 cum
1553 797 1733 834 supponitur

953 849 1039 877 ratio.
1056 850 1198 877 Praeterea
1212 856 1266 884 per
1281 849 1420 875 neutrum
1435 853 1529 881 genus
1545 844 1652 872 dicitur
1667 844 1734 872 sub-

953 895 1060 924 stantia
1084 895 1202 930 divina;
1223 903 1277 931 per
1298 893 1496 922 masculinum
1517 899 1665 928 persona;
1681 899 1734 927 per

953 943 1140 977 femininum,
1155 942 1237 970 notio
1255 951 1261 969 :
1280 943 1307 969 et
1321 948 1375 977 per
1389 940 1446 968 hoc
1460 941 1556 976 patet,
1575 938 1659 975 quod
1673 946 1734 965 non

954 990 1043 1018 debet
1057 989 1170 1018 cantari
1183 989 1214 1016 in
1228 989 1343 1025 hymno
1362 996 1368 1014 :
1387 988 1459 1014 Unus
1474 987 1554 1014 Patri
1575 994 1634 1012 cum
1650 986 1732 1019 Filio,

954 1037 1025 1072 quia
1038 1038 1122 1065 Pater
1134 1038 1162 1064 et
1176 1035 1265 1063 Filius
1279 1043 1341 1063 non
1356 1036 1424 1062 sunt
1441 1041 1519 1061 unus
1538 1033 1568 1060 in
1583 1039 1712 1068 persona
1722 1053 1731 1066 ,

953 1084 1006 1112 sed
1024 1092 1118 1111 unum
1138 1083 1169 1111 in
1193 1082 1358 1110 substantia
1374 1090 1380 1108 z
1401 1081 1481 1108 unde
1504 1079 1599 1115 magis
1614 1081 1733 1106 cantan-

954 1131 1026 1159 dum
1043 1132 1086 1158 est
1102 1140 1108 1158 ι
1128 1132 1214 1158 Unum
1223 1131 1302 1157 Patri
1317 1137 1376 1156 cum
1388 1129 1469 1156 Filio.

1158 1244 1336 1278 CAPUT
1373 1241 1525 1276 XXIV.

1192 1331 1261 1358 Deus
1280 1332 1320 1357 est
1332 1329 1491 1364 ineffabilis.

989 1413 1065 1442 Nihil
1079 1413 1169 1448 digne
1184 1412 1232 1440 vel
1247 1412 1368 1448 proprie
1385 1411 1422 1438 de
1438 1412 1496 1438 Deo
1511 1410 1627 1444 dicitur,
1644 1418 1733 1446 prop-

954 1463 997 1489 ter
1020 1461 1083 1495 ejus
1108 1459 1321 1487 excellentiam.
1346 1460 1410 1486 Non
1433 1457 1513 1485 enim
1535 1465 1590 1493 per
1611 1457 1734 1485 nomina

953 1506 1076 1543 propria
1088 1507 1125 1534 de
1141 1508 1199 1534 Deo
1214 1505 1380 1541 loquimur,
1398 1504 1469 1540 <pria
1484 1504 1607 1532 nomina
1624 1504 1734 1539 signifi-

955 1556 1022 1582 cant
1036 1553 1230 1581 substantiam
1245 1561 1313 1580 cum
1328 1552 1485 1588 qualitate,
1502 1553 1531 1578 et
1545 1551 1584 1579 ita
1598 1551 1734 1586 intelligi-

953 1604 1001 1628 tur
1015 1600 1057 1628 ibi
1073 1599 1249 1635 compositio
1265 1598 1368 1626 formae
1383 1606 1452 1626 cum
1467 1598 1606 1632 materia,
1623 1606 1689 1634 quze
1703 1598 1733 1625 in

955 1649 1013 1676 Deo
1031 1655 1093 1675 non
1108 1649 1165 1681 est;
1182 1654 1237 1674 nec
1252 1654 1305 1682 per
1320 1645 1519 1682 pronomina,
1535 1645 1606 1680 quia
1622 1644 1659 1672 de
1675 1646 1733 1672 Deo

955 1696 1033 1723 dicta
1051 1695 1161 1723 cadunt
1175 1703 1193 1722 a
1208 1693 1461 1721 demonstratione
1478 1702 1485 1720 ε
1501 1700 1563 1720 non
1588 1692 1668 1720 enim
1682 1700 1734 1728 po-

954 1746 1008 1771 test
1024 1751 1086 1771 esse
1105 1742 1148 1770 ibi
1171 1742 1385 1770 demonstratio
1405 1741 1445 1769 ad
1459 1749 1593 1774 sensum,
1610 1749 1679 1768 cum
1699 1740 1735 1767 sit

954 1790 1148 1826 incorporeus
1157 1799 1165 1824 3
1183 1797 1238 1817 nec
1254 1788 1467 1817 demonstratio
1487 1788 1526 1815 ad
1541 1787 1732 1822 intellectum,

955 1845 1024 1865 cum
1038 1837 1074 1864 sit
1087 1836 1342 1872 incognoscibilis.
1359 1835 1385 1863 Si
1401 1843 1472 1870 ergo
1487 1835 1572 1869 dicis,
1584 1834 1667 1870 quod
1681 1834 1734 1861 hu-

953 1883 1086 1919 jusmodi
1105 1883 1286 1919 pronomina
1307 1882 1472 1910 secundum
1495 1881 1676 1909 priscianum
1686 1902 1695 1916 ,
1711 1881 1735 1908 si

956 1930 1066 1958 cadunt
1077 1938 1094 1958 a
1110 1930 1377 1964 demonstratione,
1394 1937 1477 1956 cassa
1493 1930 1587 1956 essent
1600 1930 1628 1955 et
1642 1936 1732 1960 vana,

956 1977 1118 2005 dicendum
1143 1979 1185 2004 est
1205 1976 1289 2013 quod
1318 1976 1360 2004 ibi
1389 1978 1431 2003 est
1458 1975 1670 2003 demonstratio
1695 1975 1735 2002 ad

954 2024 1057 2051 fidem.
1069 2025 1125 2051 Nec
1139 2032 1191 2059 per
1204 2023 1297 2051 verba
1312 2031 1377 2058 quae
1389 2031 1458 2050 cum
1472 2022 1570 2050 modis
1581 2024 1608 2049 et
1618 2021 1731 2055 formis,

956 2079 1024 2098 cum
1032 2072 1176 2105 tempore,
1186 2070 1247 2097 sive
1263 2070 1294 2105 (r)
1310 2078 1380 2097 casu
1395 2068 1515 2104 agendi,
1526 2068 1574 2096 vel
1588 2068 1732 2103 patiendi,

956 2116 1151 2151 significantia
1179 2119 1246 2143 sunt
1269 2125 1275 2142 :
1299 2115 1351 2143 sed
1379 2115 1449 2142 talia
1476 2122 1537 2142 non
1567 2114 1676 2141 cadunt
1703 2115 1735 2142 in

956 2164 1057 2190 Deum.
1084 2164 1184 2197 Neque
1208 2170 1262 2198 per
1284 2161 1457 2197 participia,
1484 2169 1550 2197 quae
1570 2163 1735 2197 sequuntur

956 2211 1093 2237 naturam
1106 2209 1236 2236 nominis
1252 2210 1279 2236 et
1293 2208 1388 2236 verbi.
1408 2210 1465 2235 Nec
1481 2216 1534 2244 per
1549 2208 1622 2236 alias
1637 2210 1734 2244 partes

957 2255 1113 2290 orationis,
1129 2265 1195 2292 quae
1213 2264 1276 2283 non
1294 2257 1361 2283 sunt
1379 2255 1582 2290 subjicibiles,
1597 2255 1645 2282 vel
1659 2263 1734 2291 prae-

957 2302 1109 2331 dicabileS.
1126 2304 1166 2330 Ex
1183 2302 1229 2330 his
1242 2304 1337 2338 patet,
1355 2302 1435 2338 quod
1451 2303 1543 2329 Deum
1557 2310 1618 2329 non
1632 2309 1734 2337 possm

956 2359 1022 2377 mus
1039 2349 1191 2378 notificare
1208 2358 1261 2385 per
1283 2349 1506 2382 diffinitionem,
1523 2349 1575 2376 sed
1595 2348 1734 2384 qualiter<

957 2405 1084 2432 cumque
1104 2405 1157 2432 per
1181 2396 1487 2424 circumlocutionem.
1511 2395 1590 2422 Unde
1612 2397 1732 2423 Bernar-

957 2443 1012 2470 dus
1023 2445 1050 2471 2:
1065 2444 1162 2477 «Quid
1173 2445 1215 2471 est
1229 2444 1322 2471 Deus?
1334 2445 1374 2470 Ex
1386 2451 1447 2479 quo
1459 2443 1570 2477 omnia,
1580 2450 1632 2478 per
1643 2451 1732 2478 quem
1770 2474 1773 2476 v

957 2490 1069 2525 omnia,
1083 2490 1114 2517 in
1130 2499 1190 2526 quo
1207 2490 1319 2518 omnia.
1332 2490 1408 2523 Quid
1424 2492 1466 2517 est
1478 2491 1570 2517 Deus?
1583 2490 1646 2522 Quo
1660 2489 1733 2516 nihil

956 2537 1062 2564 melius
1078 2537 1201 2572 cogitari
1215 2539 1321 2572 potest.
1339 2536 1415 2570 Quid
1428 2539 1470 2564 est
1484 2537 1579 2563 Deus?
1595 2535 1735 2563 Voluntas

958 2585 1165 2619 omnipotens,
1192 2583 1473 2611 benevolentissima
1501 2582 1609 2616 virtus,
1634 2582 1736 2610 lumen

957 2633 1116 2665 aeternum,
1132 2630 1384 2658 incommutabilis
1401 2630 1492 2664 ratle,
1509 2636 1626 2656 summa
1642 2629 1735 2657 beati-

989 2695 994 2708 ¹
1009 2693 1099 2723 Erod„
1116 2699 1156 2723 111,
1176 2695 1212 2718 13.
1225 2706 1255 2711 —
1270 2694 1279 2709 ²
1294 2694 1377 2722 Rem,
1394 2692 1423 2716 ele
1439 2692 1549 2721 Consus„
1564 2691 1608 2715 lib.
1626 2691 1656 2721 V,
1672 2698 1693 2715 c.
1710 2697 1736 2715 VI

958 2732 982 2753 et
997 2736 1043 2753 vn.
