2004 3037
259 217 319 249 ‘418

258 282 344 318 Quod
366 279 541 316 Gregorius,
567 277 712 313 vigesimo
735 276 819 304 sexto
843 274 989 302 Moralium
1009 272 1034 306 ¹,

259 335 411 366 exponens
435 326 524 355 dicit:
547 333 563 352 α
583 324 752 353 Eleetorum
770 324 883 351 mentes
897 321 967 348 cervi
988 317 1035 346 di-

258 378 374 410 cuntur,
389 374 463 403 dum
478 379 621 410 quaeque,
637 379 704 408 quae
723 370 754 398 in
773 369 832 397 hoe
845 367 961 396 mundo
981 365 1035 393 ob-

257 422 383 456 viantia,
398 421 539 450 obsistere
559 418 616 447 sibi
635 416 835 454 conspiciunt,
851 412 1036 449 contempla-

257 469 345 498 tionis
365 468 442 496 saltu
460 465 688 499 transcendunt,
708 465 736 492 et
759 470 842 491 more
866 466 1036 494 cervorum,

258 515 403 553 despectis
427 516 610 543 terrenarum
634 519 735 540 rerum
758 509 908 543 sentibus,
932 507 964 535 in
988 513 1036 534 su-

257 571 366 600 perna,
384 561 417 590 id
440 562 482 589 est
504 562 628 595 aeterna,
655 566 686 586 se
705 557 844 586 evehunt.
859 567 872 583 »
890 556 955 583 Haee
972 553 1033 582 ille.

258 610 346 646 Igitur
369 609 400 637 in
422 608 478 636 hac
500 606 692 635 meditatione
714 603 860 638 solitaria,
881 601 946 630 sola
966 607 1036 628 eum

257 657 323 685 solo
340 663 441 684 secure
455 656 571 688 manet,
586 662 604 682 a
617 651 832 688 temporalibus
848 648 1034 682 abscondita,

257 704 370 732 aeternis
386 702 573 736 veritatibuS,
595 699 787 728 meditatione
806 696 878 725 fidei
898 697 926 724 et
940 693 1036 723 chari·

257 751 322 779 tatis
335 750 451 778 fervore
465 748 614 776 v1viticata
635 748 663 775 et
679 745 818 774 stabilita.
839 742 926 777 Quod
947 741 1036 770 etiam

258 799 357 833 Hugo,
376 796 429 824 lib.
446 795 577 824 secundo
597 794 630 822 de
648 794 722 821 Arca
741 792 813 825 Noe,
833 788 971 823 ostendit,
991 787 1036 815 di-

258 852 327 872 cens
340 844 368 871 ²:
388 853 403 870 α
416 843 445 871 Si
465 850 519 878 per
540 840 673 869 studium
693 836 892 866 meditationis
916 833 1035 863 assidue

258 899 310 919 cor
330 892 465 918 nostrum
488 887 655 916 inhabitare
672 885 865 922 coeperimus,
878 883 941 918 Jam
961 889 1038 918 quo-

258 937 422 966 dammodo
437 935 614 972 temporales
629 941 691 962 esse
707 931 893 965 desistimus,
910 931 938 957 et
951 927 1036 965 quasi

257 984 366 1013 mortui
384 983 498 1012 mundo
519 981 603 1016 sueti,
627 981 706 1008 intus
727 987 796 1007 cum
819 980 876 1005 Deo
890 976 1019 1004 vivimus
1026 984 1035 1010 ,-

259 1034 326 1059 tune
356 1029 505 1067 quidquid
531 1029 650 1057 fortuna
678 1029 760 1055 extra
788 1024 925 1058 molitur,
949 1021 1036 1050 facile

258 1077 488 1111 contemnimus,
505 1075 576 1112 quia
590 1074 632 1102 ibi
645 1074 740 1102 fixum
754 1074 797 1100 est
810 1073 945 1099 nostrum
960 1069 1037 1097 desi-

257 1125 389 1158 derium,
414 1123 467 1151 ubi
491 1121 680 1150 mutabilitati
707 1127 769 1148 non
795 1118 994 1153 subjacemus.
1019 1125 1033 1142 ι)

258 1174 327 1200 Ecce
343 1172 406 1206 jam
422 1170 554 1197 studiosa
574 1167 679 1196 mentis
697 1165 849 1194 meditatio
873 1164 904 1191 in
923 1165 1037 1191 tantum

257 1227 288 1246 se
308 1217 437 1246 exercuit
459 1218 486 1244 et
504 1215 639 1252 perfecit,
661 1213 744 1250 quod
763 1213 793 1240 in
809 1209 1037 1246 contemplatio-

258 1273 327 1293 nem
347 1263 488 1292 transivit.
509 1265 540 1290 Et
561 1262 618 1289 hoe
639 1263 701 1294 cst,
722 1259 806 1296 quod
828 1258 899 1285 dicit
919 1256 1038 1284 Richar-

259 1312 314 1339 dus
328 1311 356 1339 ³:
377 1320 390 1336 «
406 1310 560 1338 Veritatem
575 1316 627 1344 per
642 1306 865 1335 meditationem
887 1303 939 1331 diu
957 1311 1039 1339 quae-

258 1359 360 1391 sitam,
376 1356 497 1385 tandem
519 1356 684 1388 inventam,
701 1361 785 1380 mens
799 1352 874 1379 solet
889 1358 957 1377 eum
972 1349 1036 1376 avi-

259 1405 348 1433 ditate
374 1403 535 1439 suscipere,
566 1401 727 1436 mirarique
751 1407 819 1427 cum
845 1397 1036 1430 exultatione,

259 1451 392 1487 ejusdem
407 1458 528 1486 quoque
543 1446 732 1476 admirationi
749 1445 859 1473 diutius
874 1444 1015 1471 iuhierere
1028 1452 1034 1470 :

259 1501 286 1526 et
304 1498 361 1525 hoe
381 1497 501 1532 estjam
521 1494 694 1523 meditando
711 1492 934 1520 meditationem
953 1497 1038 1518 exce-

259 1546 344 1579 dere,
359 1547 387 1573 et
401 1552 454 1581 per
470 1543 690 1571 meditationem
706 1541 736 1568 in
756 1539 1038 1575 contemplationem

259 1593 396 1626 transire,
417 1591 492 1619 sieut
520 1590 608 1618 etiam
632 1588 771 1623 cogitatio
798 1585 983 1622 quandoque
1008 1584 1038 1611 in

259 1639 482 1667 meditationem
503 1637 615 1665 transit.
633 1646 646 1661 »
665 1637 728 1663 Haec
745 1634 804 1661 ille.
827 1635 866 1660 lix
882 1632 927 1660 his
943 1639 1038 1667 appa—

259 1695 322 1714 rere
349 1688 458 1721 potest,
481 1683 636 1719 quomodo
666 1681 784 1717 spiritus
813 1680 961 1706 humanus
986 1686 1040 1713 per

260 1732 481 1761 meditationem
498 1732 675 1757 aeternorum
690 1736 708 1755 a
727 1726 941 1761 temporalibus
961 1732 1040 1752 rece-

261 1780 313 1813 dit,
329 1783 356 1807 et
369 1778 484 1805 aeternis
499 1777 628 1810 inliceret,
641 1778 671 1802 ut
685 1774 764 1801 dieat
774 1782 841 1800 cuni
855 1771 996 1807 Apostolo
1007 1772 1017 1787 ⁶
1031 1780 1037 1798 :

261 1829 360 1855 Nostra
370 1826 534 1853 conversatio
546 1826 574 1850 in
585 1825 656 1850 coelis
668 1826 719 1855 est;
734 1824 761 1849 et
775 1829 843 1848 cum
856 1819 1037 1847 Psalmista5:

264 1875 447 1901 Transz'vimus
457 1880 507 1907 per
522 1873 609 1906 ignem
625 1872 649 1897 et
674 1877 786 1904 aquam.
810 1871 834 1895 et
854 1867 975 1895 etluccisti
992 1873 1040 1893 nos

263 1923 292 1948 in
306 1920 490 1954 res'riycrz'um.

478 2009 717 2045 DISTlNCTIO
747 2009 822 2042 VH.

266 2090 389 2124 Qualiter
419 2088 534 2122 spiritus
565 2086 712 2118 humanus,
743 2083 779 2109 ml
806 2080 964 2108 veniendum
993 2087 1043 2114 per

302 2136 354 2161 i'ltr
372 2130 558 2159 meditationis
582 2129 617 2156 (ιιι
637 2129 828 2160 eternitatem,
849 2134 866 2152 <t
887 2125 949 2151 Jesu
970 2125 1044 2150 ιἰιυί-

304 2182 375 2206 tetur
387 2178 434 2214 (a).

302 2250 431 2286 Septimo
454 2245 618 2275 videndum
641 2246 683 2271 est
703 2243 828 2278 qualiter
853 2241 971 2276 spiritus
990 2241 1044 2268 hu-

268 2305 383 2330 manus,
399 2296 437 2322 ad
455 2292 634 2321 veniendum
653 2298 706 2326 prr
727 2290 778 2316 its-r
797 2288 937 2315 studiosie
952 2287 1045 2314 medi-

268 2343 400 2377 tationis,
425 2341 462 2368 ad
491 2339 681 2367 intrinsecum
705 2339 732 2363 et
759 2338 901 2362 arternum
930 2334 1044 2362 Domini

267 2394 334 2420 Jesu
359 2391 518 2421 secretum,
537 2386 574 2413 al)
597 2385 662 2420 ipso
688 2383 811 2410 dulciter
836 2382 973 2409 invitetur
989 2381 1043 2417 (a),

270 2438 383 2466 dicente
399 2435 434 2471 (11)
449 2436 568 2470 Sponsae
583 2432 612 2458 in
628 2430 751 2458 canticis
762 2430 788 2456 ¹³:
806 2430 900 2463 San-90,
917 2436 1043 2463 prepara,

304 2536 311 2552 ¹
328 2536 413 2563 (πω-κ,
434 2531 476 2555 ubi
496 2537 552 2560 sup.
568 2527 678 2559 proxim.
694 2539 724 2544 —-—
739 2526 746 2540 ²
764 2527 840 2556 ling„
860 2526 889 2548 tle
905 2527 961 2549 Arc,
978 2526 1044 2556 Noe,

270 2572 311 2596 lib.
332 2571 362 2600 ll,
377 2577 398 2593 e.
415 2575 433 2597 ι,
449 2568 506 2590 ante
523 2566 589 2589 ine-l.
607 2578 636 2582 —
650 2564 657 2577 ³
676 2562 804 2591 incitant„
821 2562 863 2585 ubi
880 2568 946 2591 sup„
964 2561 1006 2585 lii),
1025 2562 1044 2591 1,

271 2616 294 2631 c.
315 2613 347 2630 iv.
364 2619 393 2622 -
418 2604 427 2619 δ
452 2602 554 2632 Philip„
580 2606 623 2629 ιιι,
646 2600 684 2622 20.
708 2611 734 2615 -
755 2598 764 2613 ¹⁵
785 2597 851 2621 Psal.
875 2603 933 2627 va,
957 2599 993 2620 12.
1014 2610 1044 2614 -

272 2642 433 2670 ⁶‹‘11711.,11‚
453 2641 521 2662 io.—
536 2637 543 2651 7
562 2636 635 2664 lbi-1„
655 2636 724 2658 tl.—
738 2634 748 2650 ⁸
763 2633 831 2657 Psul.
847 2635 1044 2662 xxxv111‚4.—

271 2678 280 2692 ⁹
297 2679 371 2708 llug„
390 2676 418 2698 de
441 2676 498 2698 Arc.
523 2672 583 2702 Noe,
607 2671 650 2694 lib.
674 2670 716 2699 lV,
740 2677 763 2692 e.
790 2674 825 2698 iv,
848 2670 905 2699 post
926 2668 994 2691 med.
1015 2680 1044 2686 --

674 205 721 241 DE
742 207 901 241 SEPTEM
923 198 1147 237 lTINERlBUS
1169 197 1459 233 AETERNtTATIS.

1091 270 1180 297 amica
1196 276 1269 303 mea,
1291 266 1410 295 columba
1428 273 1502 300 mea,
1517 266 1637 300 formosa
1657 273 1730 302 mea,
1748 269 1776 296 et
1793 267 1865 296 veni.

1091 315 1180 351 Cujus
1193 313 1374 342 invitationis
1385 311 1540 348 subjungit
1554 311 1734 349 aneatorum,
1750 313 1864 342 dicens:

1094 362 1179 397 Veni,
1195 361 1267 397 quia
1285 361 1346 397 jam
1368 361 1411 387 est
1429 359 1588 387 itinerandi
1611 360 1712 396 optata
1733 358 1865 389 facilitas.

1090 409 1155 436 Jam
1174 408 1273 436 enim⁷
1290 407 1375 435 imber
1393 414 1470 434 eurae
1488 405 1660 442 temporalis
1682 405 1868 435 distrahentis

1092 457 1120 483 et
1138 453 1327 491 impertientis
1340 453 1526 482 ambulantes
1542 452 1572 480 in
1586 452 1688 480 itinere
1703 452 1869 482 meditatio-

1091 502 1137 530 nis
1155 503 1225 529 abiit
1239 504 1264 529 et
1279 502 1397 532 recessit,
1413 501 1442 527 et
1456 499 1526 536 quia
1541 499 1643 535 pluvia
1655 499 1791 527 aestivalis
1806 499 1870 528 des-

1094 548 1202 584 eendit,
1218 550 1246 576 et
1259 547 1339 576 venit
1353 547 1384 575 in
1399 546 1494 574 vellus
1508 545 1688 582 virgineum,
1697 545 1868 582 colligendo

1095 595 1294 632 dispersiones
1323 593 1549 622 meditationum
1560 614 1568 627 ‚
1595 592 1635 620 ad
1663 593 1870 629 congregantis

1091 643 1182 672 Patris
1203 643 1362 677 unitatem,
1386 644 1414 669 et
1434 640 1653 677 simplificatam
1667 641 1868 669 aeternitatem.

1092 690 1164 718 Dicit
1188 697 1260 725 ergo
1286 689 1418 716 animam
1444 688 1618 716 invitando:
1643 689 1665 717 Ο
1688 689 1777 716 amica
1797 697 1868 721 mea,

1090 738 1212 773 propter
1235 735 1433 763 meditationis
1449 737 1511 764 tuae.
1525 742 1695 762 amorosam
1715 734 1870 763 assiduita-

1091 786 1162 817 tem,
1177 790 1244 818 quoe
1258 784 1302 810 est
1315 781 1462 809 incentiva
1476 781 1602 815 amoris,
1617 781 1688 817 quia
1702 781 1732 808 in
1745 789 1780 809 ea
1794 789 1871 809 exar-

1092 829 1174 857 descit
1193 830 1283 864 ignis,
1307 828 1369 856 ait⁸
1387 827 1548 856 Psalmista.
1564 826 1650 861 Quod
1670 828 1772 863 Hugo,
1791 827 1870 856 libro

1092 877 1197 912 quarto
1219 876 1250 903 de
1271 877 1346 904 Arca
1364 876 1420 904 Noe
1434 875 1455 909 ⁹,
1478 882 1630 911 exponens
1654 873 1742 902 dicit:
1761 883 1775 900 <t
1794 874 1872 903 Siout

1091 923 1173 959 ligna
1187 923 1285 958 ignem
1305 922 1452 957 nutriunt,
1472 922 1512 950 sie
1527 921 1717 957 cogitationes
1731 921 1793 950 sive
1811 930 1872 950 me-

1093 969 1249 998 ditationes
1264 969 1411 997 desideria
1422 971 1554 1005 pascunt.
1567 969 1689 1002 »Quare
1703 968 1734 996 in
1749 968 1872 996 Canticis

1094 1016 1167 1045 dixit
1183 1017 1297 1053 Sponsa
1312 1016 1481 1045 meditatrix
1496 1018 1674 1043 aeternorum
1690 1016 1726 1043 ¹⁰:
1745 1017 1871 1044 Fascicu-

1093 1066 1134 1092 lus
1151 1065 1281 1099 myrrhae,
1298 1064 1411 1091 dilectus
1426 1071 1499 1091 meus
1519 1063 1607 1090 milti:
1628 1064 1701 1090 inter
1716 1063 1799 1091 ubera
1813 1072 1872 1092 mea

1093 1112 1318 1144 commorabc’tam
1348 1110 1379 1138 id
1404 1111 1463 1144 est,
1495 1110 1527 1137 in
1550 1110 1694 1138 memoria
1720 1118 1802 1145 mea,
1831 1111 1872 1139 ait

1092 1158 1209 1193 Glossa,
1224 1158 1286 1185 sive
1302 1157 1493 1188 meditatione
1509 1157 1553 1192 (c).
1574 1157 1665 1192 Surge
1680 1165 1734 1193 per
1747 1157 1871 1186 medita-

1093 1205 1180 1233 tionis
1196 1207 1251 1233 tuae
1267 1204 1471 1232 extensionem
1486 1212 1504 1231 a
1519 1203 1732 1240 temporalibus
1748 1204 1777 1231 in
1792 1206 1872 1232 aeter-
1887 1198 1889 1200 ’

1093 1250 1275 1284 nitatem,ut
1297 1249 1395 1285 primo
1420 1248 1581 1284 egrediaris
1605 1257 1674 1277 cum
1695 1250 1773 1277 lsaae
1796 1250 1816 1266 ³¹
1842 1249 1872 1277 in

1093 1304 1198 1332 agrum
1219 1295 1258 1324 ad
1282 1295 1505 1330 meditandum;
1525 1295 1657 1323 secundo
1682 1296 1823 1324 extendas
1844 1297 1871 1324 te

1093 1344 1123 1371 in
1147 1344 1255 1371 coelurn
1277 1351 1346 1371 cum
1367 1342 1506 1379 Apostolo
1522 1342 1542 1360 ¹²
1556 1343 1596 1371 ad
1621 1343 1869 1371 conversandum.

1094 1392 1115 1419 Ο
1131 1391 1249 1418 columba
1262 1398 1330 1424 mea,
1342 1391 1463 1425 propter
1475 1389 1676 1417 meditationis
1690 1391 1747 1417 tuae
1759 1389 1872 1418 colum-

1094 1437 1197 1466 binam
1211 1437 1427 1473 simplicitatem
1441 1445 1447 1464 :
1465 1436 1505 1464 ait
1520 1436 1606 1464 lsaias
1623 1437 1644 1454 ¹³
1657 1445 1662 1464 z
1675 1437 1827 1464 Meditabor
1841 1440 1872 1465 ut

1093 1483 1420 1512 columbe.Vercellensis
1435 1484 1514 1512 dicit.
1530 1483 1612 1519 quod
1629 1483 1768 1511 columba
1782 1483 1872 1511 habet

1093 1532 1258 1569 simplicem
1274 1531 1426 1566 intuitum,
1443 1534 1470 1559 et
1490 1530 1585 1566 signat
1599 1539 1706 1567 puram
1721 1532 1749 1558 et
1762 1530 1873 1566 simpli-

1095 1588 1159 1607 cem
1174 1579 1408 1615 intelligentiam.
1426 1580 1465 1605 Ex
1484 1586 1559 1614 pura
1578 1580 1677 1605 autem
1699 1579 1727 1605 et
1745 1577 1872 1613 simplici

1094 1626 1288 1661 intelligentia
1301 1625 1436 1653 oriuntur
1453 1633 1533 1661 purte
1547 1627 1573 1652 et
1587 1624 1735 1660 simplices
1750 1624 1872 1652 medita-

1096 1674 1204 1707 tiones,
1223 1681 1289 1709 quce
1305 1674 1373 1700 sunt
1389 1674 1445 1699 Deo
1461 1671 1642 1706 gratissimae.
1666 1672 1802 1706 Propera,
1818 1679 1871 1707 per

1095 1719 1295 1748 meditationis
1317 1722 1371 1746 ture
1391 1718 1572 1753 agilitatem:
1597 1725 1686 1753 quarn
1710 1717 1870 1752 agilitatem

1096 1766 1295 1800 desiderabat,
1311 1766 1362 1801 qui
1378 1765 1451 1792 dixit
1465 1766 1500 1792 ¹⁴⁵:
1518 1765 1584 1797 Quis
1600 1764 1675 1791 dabie
1690 1766 1758 1791 milti
1768 1773 1869 1800 pennas

1095 1816 1165 1841 sicut
1184 1814 1325 1844 columbae,
1351 1815 1375 1839 et
1394 1812 1503 1845 volabo,
1525 1814 1550 1838 et
1572 1813 1755 1846 requiescam?
1778 1812 1872 1844 Quam

1096 1861 1257 1896 agilitatem
1269 1859 1405 1894 obtinuit,
1423 1868 1490 1887 cum
1505 1858 1578 1886 dixit
1594 1859 1612 1875 ¹⁵
1624 1868 1630 1886 :
1644 1859 1675 1886 St·
1688 1858 1829 1887 ascendero
1843 1860 1873 1886 ιἰι

1097 1909 1205 1939 ecclam,
1229 1909 1259 1934 tu
1278 1908 1344 1934 illuc
1366 1914 1406 1941 es3
1429 1908 1455 1933 si
1477 1905 1632 1933 descendero
1658 1906 1694 1933 acl
1718 1907 1872 1940 infernum,

1098 1955 1171 1982 acles.
1192 1955 1223 1981 St·
1244 1962 1379 1989 sumpsero
1401 1961 1505 1989 pennas
1527 1960 1599 1980 meas
1618 1953 1752 1987 diluculo,
1775 1954 1828 1980 etc.
1851 1953 1873 1981 O

1097 2003 1217 2035 formosa
1233 2009 1307 2033 mea,
1325 2002 1446 2036 propter
1460 1999 1659 2027 meditationis
1674 2001 1729 2027 tuae
1744 1998 1874 2035 pulchri-

1098 2048 1213 2076 tleatam
1240 2047 1408 2083 puritatem.
1435 2046 1631 2074 Meditationis
1660 2045 1740 2074 enim
1771 2046 1875 2074 sedula

1099 2094 1265 2123 exercitatio
1290 2094 1366 2121 cirea
1389 2096 1512 2128 aeterna,
1534 2095 1663 2121 mentem
1686 2093 1838 2128 purificat,
1857 2101 1876 2121 a

1098 2141 1313 2177 temporalibus
1330 2140 1543 2174 abstrahendo,
1560 2142 1587 2167 et
1601 2148 1666 2167 eam
1679 2140 1874 2175 pulchrificat,

1100 2190 1128 2217 et
1146 2188 1307 2216 formosam
1327 2187 1410 2221 facit,
1434 2186 1472 2214 ad
1491 2189 1599 2214 aeterna
1621 2186 1825 2221 extendendo,
1843 2188 1876 2214 ut

1100 2244 1166 2263 cum
1182 2235 1331 2263 Psalmista
1353 2234 1431 2261 dieat
1447 2234 1465 2250 ¹⁶
1479 2242 1486 2261 ε
1502 2234 1651 2261 Meditatus
1667 2241 1725 2261 sum
1743 2235 1772 2261 in
1786 2237 1874 2269 nocte,

1099 2284 1209 2311 seilicet
1224 2282 1448 2318 temporalium:
1465 2282 1642 2315 ewercitabar,
1654 2290 1700 2309 me
1715 2281 1755 2309 ad
1768 2283 1876 2310 aeterna

1100 2330 1306 2358 extendendo:
1335 2332 1360 2357 ct
1382 2330 1521 2364 scopebam
1545 2331 1673 2365 spiritum
1692 2336 1792 2361 meum,
1813 2336 1875 2357 non

1099 2377 1197 2404 solum
1212 2385 1229 2404 a
1244 2376 1458 2411 temporalibus
1474 2375 1627 2410 fugiendo,
1642 2375 1694 2402 scd
1709 2375 1796 2402 etiam
1810 2383 1875 2403 um-

1099 2424 1185 2453 bram
1200 2422 1407 2458 temporalium
1427 2422 1654 2450 similitudinum
1669 2422 1697 2449 et
1711 2421 1875 2457 imaginum

1103 2512 1119 2525 ¹⁰
1131 2510 1211 2537 Cant⁸¹
1230 2515 1247 2538 ι,
1269 2510 1307 2532 122.
1319 2521 1348 2526 —
1365 2509 1382 2524 ¹¹
1395 2510 1466 2537 Gen„
1482 2514 1554 2539 xxw,
1570 2509 1608 2532 63.
1625 2522 1654 2526 —
1669 2509 1689 2524 ¹²
1708 2508 1812 2539 Philip„
1828 2515 1872 2539 111,

1100 2548 1136 2570 530,
1156 2557 1185 2561 —
1208 2545 1225 2559 ¹⁸
1252 2544 1310 2573 lm..
1335 2548 1450 2574 xxxvm,
1476 2546 1511 2568 it.
1537 2557 1567 2562 -—
1594 2544 1613 2560 Ἀ
1637 2543 1704 2568 Pml.
1724 2550 1775 2574 mv,
1801 2545 1823 2569 7.
1844 2557 1874 2562 —

1101 2583 1116 2596 ¹⁵
1133 2580 1199 2604 Psal.
1219 2585 1344 2609 exxxun,
1361 2582 1426 2603 S.-
1445 2580 1540 2604 ¹⁶11sal.
1558 2586 1647 2610 ιιι-Ἡ,
1662 2582 1685 2604 7,

1131 2629 1164 2659 (ιι)
1179 2627 1238 2651 Coet.
1250 2627 1310 2650 edil.
1323 2627 1452 2651 invitatur.
1464 2640 1494 2645 —
1505 2626 1538 2658 (b)
1554 2627 1612 2651 {lem
1623 2626 1759 2651 (licens.—
1771 2627 1798 2657 (c)
1813 2627 1873 2651 Item

1100 2662 1301 2689 meditationum.
