2004 3037
231 246 292 277 616

234 313 304 343 runt
327 310 368 341 ad
391 309 711 348 comprehendendum
734 311 913 348 Dominum,
936 319 1015 350 quos

232 367 302 388 cum
316 358 357 388 ad
371 359 483 388 terram
495 358 705 396 prostravisset
717 358 784 388 solo
798 359 906 396 verbo,
920 361 950 388 et
962 367 1015 389 au-

229 405 357 436 riculam
371 405 436 442 ejus
449 407 592 442 sanasset,
604 413 667 435 non
679 405 800 435 fuerunt
814 406 900 443 moti,
913 406 1014 436 velex

228 452 367 483 miraculi
391 452 561 490 majestate,
583 452 634 482 vel
659 461 696 482 ex
723 452 863 483 beneficii
889 453 1009 491 pietate.

229 500 304 534 Luc..
320 507 392 537 xxn,
408 501 438 529 et
447 501 539 533 Joan..
556 507 626 530 xvn.

265 548 370 577 Beatus
383 547 550 584 Stephanus
561 547 682 578 Judaeos
692 547 852 585 increpans
863 546 1012 584 ardenter,

229 594 270 624 ait
289 603 298 623 ε
317 604 332 620 α
349 594 420 624 Duri
441 594 572 630 cervice,
598 597 627 625 et
649 594 848 624 incircumcisi
873 595 964 625 corde
984 597 1014 625 et

229 641 370 679 auribus,
399 649 454 672 vos
481 649 601 680 semper
627 641 747 680 Spiritui
773 643 876 673 sancto
901 641 1013 672 resisti-

228 688 275 726 tis,
290 699 305 717 »
321 691 376 719 etc.
394 690 470 726 Act„
486 697 557 720 xvn.

477 784 622 820 CAPUT
645 784 762 820 CVIII.

400 859 439 886 De
455 859 635 894 perversitate
653 857 839 894 quorumdam.

264 928 362 957 Prima
371 927 481 956 mulier
488 927 625 956 ordinem
635 930 748 957 naturae
756 928 909 965 pervertit,
918 937 1014 966 quan-

229 975 269 1005 do
290 975 328 1004 de
346 975 443 1004 fructu
465 975 555 1004 vetito
576 975 658 1004 dedit
673 975 723 1013 (a),
746 976 826 1011 Gen„
846 984 889 1012 m,
911 978 939 1005 et
958 976 1010 1006 ille

229 1021 375 1058 comedit;
395 1030 464 1050 cum
483 1022 546 1059 ipse
565 1022 612 1051 vir
632 1030 700 1051 eam
721 1022 872 1052 debuisset
885 1023 1010 1060 dooere,

229 1069 304 1107 quid
318 1069 370 1098 illa
384 1069 508 1098 deberet
519 1069 690 1105 comedere,
704 1069 753 1099 vel
767 1071 872 1100 vitare.

264 1117 407 1146 Dominus
427 1116 464 1146 de
483 1116 587 1154 spoliis
610 1117 817 1154 Acgyptiorum
837 1118 942 1147 ditavit
962 1119 1012 1148 He-

229 1165 337 1200 broeos,
356 1163 456 1197 Emori..
476 1172 518 1192 xu
526 1174 534 1200 3
556 1163 611 1192 sed
631 1166 699 1192 sunt
721 1165 824 1200 multi,
847 1165 899 1202 qui
919 1165 1013 1194 ditant

229 1211 379 1248 AEgyptios
393 1211 430 1240 de
445 1211 549 1249 spoliis
564 1212 764 1241 Hebroeorum.

265 1260 329 1289 Filii
347 1260 436 1289 lsrael
450 1260 482 1289 in
497 1260 613 1289 deserto
632 1262 790 1297 penuriam
809 1261 953 1298 patientes
967 1260 1012 1289 di—

231 1307 336 1336 cebant
344 1316 375 1336 se
385 1316 474 1344 super
482 1308 557 1336 ollas
568 1308 702 1336 carnium
713 1308 875 1344 inst-:gypto
885 1308 996 1337 sedisse
1003 1318 1010 1344 ;

229 1355 283 1384 sed
299 1363 353 1384 nee
372 1355 528 1384 minimam
550 1356 583 1392 (b)
606 1355 755 1384 faciebant
774 1355 957 1384 mentionem
975 1355 1012 1385 de

230 1402 405 1438 gravissima
419 1402 568 1431 servitute.
584 1402 686 1436 Emod„
702 1409 761 1432 xvi.

268 1450 388 1479 Dicebat
406 1449 538 1487 populus
560 1450 591 1478 in
614 1450 732 1480 deserto
749 1459 755 1477 :
776 1459 790 1476 «
810 1450 1014 1480 Recordamur

230 1497 373 1534 piscium,
389 1506 466 1534 quos
487 1497 722 1526 comedebamus
742 1497 772 1526 in
796 1499 922 1534 AEgypto
943 1506 1013 1534 gra-

230 1544 267 1572 tis
279 1566 287 1579 ,
304 1555 318 1571 »
332 1546 428 1580 Num„
451 1552 496 1580 xr,
512 1547 527 1572 5
545 1553 552 1572 :
571 1553 640 1573 cum
659 1547 758 1573 tamen
782 1547 851 1573 tunc
874 1546 1012 1574 servitute

231 1592 363 1620 maxima
381 1595 598 1628 premerentur,
611 1592 689 1620 etibi
702 1592 731 1620 in
742 1592 859 1621 deserto
869 1600 946 1629 pane
960 1601 1014 1621 an-

231 1640 383 1675 gelorum,
399 1639 428 1667 id
450 1642 492 1668 est
506 1639 574 1668 cibo
598 1639 800 1676 sapidissime,
821 1640 883 1668 sine
911 1640 1013 1668 labore

230 1695 301 1722 suo,
317 1687 387 1715 dato
402 1687 532 1722 coelitus,
553 1695 630 1723 pane
653 1688 830 1723 augelorum
854 1688 1014 1716 alerentur.

268 1734 461 1763 Narrantibus
476 1734 716 1770 exploratoribus
733 1734 922 1763 conditiones
932 1737 1015 1763 terras

232 1781 453 1818 promissionis,
470 1782 565 1810 voluit
583 1782 611 1817 (rr)
628 1782 758 1817 populus
781 1785 884 1810 contra
908 1783 1015 1810 voiun-

233 1830 322 1857 tatem
339 1829 454 1856 bomini
470 1829 500 1856 in
514 1831 671 1864 AEgyptum
690 1828 786 1856 redire
799 1851 806 1863 ‚
822 1837 1015 1865 nequaquam

232 1878 309 1905 ultra
330 1877 510 1913 procedere;
533 1877 590 1904 cito
611 1884 682 1904 vero
705 1879 770 1912 pest
797 1877 891 1905 voluit
913 1880 1015 1905 contra

233 1924 418 1953 voluntatem
429 1924 545 1952 Domini
556 1923 683 1951 nimium
697 1924 843 1951 festinare.
859 1925 953 1959 Num„
965 1933 1014 1952 xv.

267 1971 367 1999 Vocati
388 1971 501 1999 Dathan
516 1972 544 1999 et
558 1971 669 1999 Abiron
687 1979 704 1999 a
731 1973 840 2007 Moyse,
856 1971 1016 2007 responde-

232 2021 318 2047 runt:
336 2029 349 2045 «
360 2020 422 2047 Non
438 2019 583 2047 venimus.
600 2019 753 2054 Numquid
765 2027 871 2054 parum
886 2021 928 2046 est
942 2018 995 2046 tibi
1006 2040 1015 2054 ,

233 2066 316 2102 quod
332 2066 457 2094 eduxisti
474 2074 528 2093 nos
544 2066 581 2093 de
598 2068 692 2100 terra,
708 2074 774 2101 quw
789 2066 863 2094 lacte
883 2069 910 2094 et
929 2066 1014 2094 melle

232 2114 398 2142 manabat?
413 2124 426 2139 η
442 2115 537 2148 Nmn.,
554 2122 599 2141 xri
611 2135 618 2148 ,
639 2114 684 2145 12,
703 2115 741 2140 113.

270 2160 350 2188 t'etiit
371 2162 484 2196 Moyses
506 2169 523 2188 a
543 2169 611 2193 rene
635 2160 728 2188 tidem
752 2160 877 2188 dicens:
898 2172 911 2186 (ι
927 2160 1015 2188 Obse—

233 2216 349 2236 cramus
366 2229 374 2242 ,
401 2211 432 2235 ut
459 2207 546 2235 uobis
569 2207 693 2235 transtro
722 2208 808 2235 liceat
831 2215 884 2243 per
908 2211 1015 2235 terram

235 2258 314 2283 tuam
329 2265 335 2289 ;
353 2263 413 2282 non
429 2255 538 2283 ibimus
554 2263 607 2290 per
627 2263 730 2283 aare&
748 2255 800 2282 >ed
826 2255 873 2282 via
895 2255 1015 2291 publiea

234 2302 417 2338 gradiemur.
430 2312 443 2327 »
461 2302 620 2338 Respondit
638 2305 735 2329 tumen
753 2303 801 2329 iile
817 2312 823 2330 :
840 2313 852 2327 ιι
866 2304 927 2329 Nou
942 2306 1016 2330 tran-

235 2348 329 2376 sibitis
351 2357 403 2384 per
432 2357 479 2376 me
499 2359 505 2377 :
537 2349 670 2384 alioquin
701 2357 855 2377 occurram
886 2352 1016 2377 armatus

236 2396 303 2431 tihi,
319 2406 332 2422 »
351 2399 405 2424 ete.
425 2397 519 2430 Num„
543 2405 600 2429 xx,
620 2398 660 2430 17,
681 2398 720 2423 1⁸.

270 2443 370 2471 Simile
387 2443 492 2471 accidit
506 2444 543 2471 de
559 2444 656 2471 Sehon
672 2451 741 2478 rege
758 2445 1013 2479 Amorrhteoruuu

234 2491 286 2519 scd
303 2491 352 2527 qui
369 2491 463 2519 noluit
479 2491 642 2519 concedere
661 2499 772 2526 pauca,
790 2492 885 2519 amisit
911 2493 1015 2527 multa,

234 2541 329 2574 Num„
346 2547 404 2568 xxi.

270 2588 369 2615 Noluit
383 2587 502 2616 Balaam
516 2588 694 2616 maledicere
716 2589 828 2624 populo
845 2597 936 2624 quem
956 2597 1016 2617 cre-

236 2634 322 2662 debat
348 2635 540 2663 benedictum
559 2644 576 2663 a
601 2637 678 2670 Dco;
700 2636 749 2662 sed
770 2638 837 2663 sunt
857 2636 941 2663 multi
964 2637 1015 2672 qui

269 2702 301 2728 (a)
323 2701 410 2731 suppl.
437 2702 500 2725 viro.
520 2714 549 2719 —
573 2701 606 2730 (b)
631 2700 692 2724 th.
717 2701 778 2724 vahl.
799 2701 842 2724 sm!
866 2703 961 2725 tamen.
985 2713 1015 2717 —

239 2739 268 2767 (c)
283 2738 351 2761 Erlal.
369 2737 445 2761 l‘mtc.
463 2737 553 2767 uoluit,
571 2738 639 2761 lisltt.
661 2737 715 2760 t'cn.
732 2737 820 2761 doluit⁴

848 242 984 277 BlBLlA
1005 242 1236 278 PAUPERUM.

1069 311 1161 350 plura
1185 313 1371 344 maledicunt
1391 313 1430 344 de
1450 314 1556 351 bonis,
1577 318 1671 354 quam
1693 307 1866 353 demitis.-

1071 360 1170 397 Num.,
1183 367 1256 390 xxu.
1272 361 1306 391 Et
1314 361 1427 391 mirum
1436 361 1493 391 fuit
1506 362 1590 400 quod
1604 362 1703 393 noluit
1715 363 1743 394 ei
1755 364 1852 394 male-

1071 406 1171 436 dicere
1184 416 1192 436 :
1207 415 1280 437 nam
1290 407 1361 438 licet
1373 409 1548 439 ostendisset
1560 410 1586 439 ei
1600 410 1754 448 Dominus,
1767 412 1853 450 quod

1069 454 1203 492 populus
1217 455 1309 485 Israel
1323 457 1385 486 erat
1397 455 1592 494 benedictus3
1608 458 1709 488 tamen
1722 458 1806 488 dedit
1817 459 1853 488 fi-

1069 501 1178 532 naliter
1195 502 1310 533 malum
1329 503 1510 540 consilium,
1530 512 1585 542 per
1607 505 1692 543 quod
1713 513 1732 536 a
1743 505 1851 536 mulie-

1071 549 1156 579 ribus
1169 551 1214 579 est
1223 549 1374 580 seductus·
1388 552 1486 587 Num„
1498 559 1580 581 xxiv.

1105 597 1168 626 Filii
1183 597 1289 634 lsrael,
1303 598 1460 628 audientes
1475 599 1621 630 mandata
1631 600 1769 638 Domini,
1789 608 1852 631 om-

1069 643 1121 674 nia
1134 643 1268 674 fecerunt
1280 646 1438 675 contraria.
1450 647 1555 684 Μαῖα,
1569 655 1609 684 ιι,
1624 649 1669 677 17.

1106 691 1166 721 Viri
1180 692 1322 730 Ephraim
1334 694 1431 730 rogati
1453 702 1473 723 a
1493 695 1613 732 Jephte,
1628 698 1660 725 ut
1677 703 1780 725 secum
1801 705 1851 727 ve-

1069 739 1224 769 nirent‹ad
1237 739 1392 777 praelium,
1406 741 1590 772 noluerunt:
1605 751 1667 780 quo
1681 745 1750 780 post
1760 743 1851 774 vieto-

1071 786 1148 816 riam
1161 786 1323 823 redeunte,
1337 788 1424 824 quasi
1439 796 1491 817 eos
1503 797 1566 818 non
1585 793 1734 827 vocasset,
1746 792 1850 821 contra

1070 840 1140 862 eum
1151 833 1267 871 jurgari
1283 837 1447 872 caeperunt.
1460 836 1564 879 India-5,
1578 845 1629 866 xn.

1105 881 1199 910 David
1223 882 1371 919 psallebat
1394 891 1497 912 coram
1520 884 1608 913 Saule
1631 886 1736 914 vexato
1750 893 1770 915 a
1788 885 1850 915 dae-

1068 935 1177 964 mone,
1192 931 1221 957 et
1242 929 1299 966 ipsi
1322 929 1434 959 utiliter
1451 931 1615 960 serviebat:
1631 934 1660 960 et
1672 934 1772 961 tamen
1785 932 1850 970 ipse

1069 975 1138 1004 Saul
1158 975 1254 1005 voluit
1272 985 1341 1006 eum
1355 978 1505 1014 configere
1520 978 1625 1015 parieti
1639 987 1710 1008 cum
1723 979 1828 1009 lancea
1839 1001 1849 1016 ,

1069 1030 1161 1060 quam
1176 1023 1304 1052 tenebat.
1319 1025 1329 1053 1
1343 1025 1422 1060 Req„
1435 1033 1508 1054 xvm
1522 1028 1549 1054 et
1563 1033 1624 1054 xix.

1104 1070 1173 1100 Saul
1191 1071 1287 1099 voluit
1308 1071 1445 1100 occidere
1467 1072 1611 1101 Jonathan
1624 1072 1720 1102 filium
1746 1081 1849 1110 suum,

1068 1118 1143 1156 quia.
1167 1119 1319 1147 excusavit
1342 1119 1435 1148 David
1458 1120 1658 1148 innocentem.
1676 1121 1684 1149 l
1700 1121 1779 1156 Re9.‚
1798 1129 1848 1151 xx.

1105 1165 1227 1195 Dicebat
1256 1166 1326 1195 Saul
1359 1174 1462 1195 servos
1499 1167 1670 1203 conjurasse
1706 1167 1850 1197 adversus

1069 1220 1151 1249 eum,
1164 1216 1192 1242 et
1206 1213 1300 1242 David
1313 1213 1448 1242 insidiari
1462 1214 1537 1249 sibi,
1552 1214 1623 1251 quia
1637 1223 1707 1243 eum
1719 1215 1760 1244 ad
1769 1223 1850 1245 mor-

1069 1263 1128 1289 tem
1144 1260 1310 1298 quoerebat,
1330 1263 1358 1288 et
1372 1261 1503 1289 invenire
1518 1261 1565 1290 vel
1588 1269 1694 1299 capere
1714 1269 1776 1291 non
1799 1270 1851 1300 po-

1068 1309 1153 1337 terat.
1167 1309 1176 1336 l
1191 1309 1268 1343 neq„
1282 1315 1352 1336 xxu.

1106 1357 1166 1384 Rex
1182 1355 1314 1384 filiorum
1325 1358 1454 1384 Ammon
1465 1376 1474 1391 ‚
1484 1354 1591 1384 videns
1605 1355 1688 1392 quod
1711 1355 1851 1392 injuriam

1069 1402 1184 1432 fecisset
1210 1403 1317 1437 David,
1342 1402 1438 1431 voluit
1463 1402 1641 1440 impugnare
1665 1411 1758 1439 eum,
1782 1411 1851 1432 cum

1071 1450 1168 1486 magis
1183 1449 1335 1478 debuisset
1349 1449 1488 1479 laborare
1509 1450 1549 1478 ad
1573 1449 1755 1486 placandum
1769 1458 1849 1479 eum.

1070 1497 1090 1527 lt
1106 1500 1184 1533 neq„
1200 1506 1240 1526 iv.

1106 1548 1223 1575 Amnon
1242 1545 1320 1573 filius
1337 1545 1428 1574 David
1448 1545 1575 1574 Thamar
1596 1554 1730 1575 sororem
1754 1554 1850 1580 suam,

1071 1593 1217 1622 violenter
1231 1600 1421 1630 oppressam,
1437 1593 1562 1630 turpiter
1573 1601 1591 1622 a
1603 1601 1633 1622 sc
1649 1593 1759 1630 expelli
1772 1593 1850 1622 tecit.

1071 1642 1092 1670 ll
1106 1642 1183 1676 Κεφ,
1199 1649 1259 1669 xm.

1108 1688 1248 1717 Absalom
1265 1688 1344 1716 filius
1354 1688 1451 1716 David
1460 1687 1608 1725 populum
1623 1690 1725 1716 contra
1738 1690 1852 1725 patrem

1072 1736 1218 1764 malitiose
1241 1735 1403 1764 commovit
1421 1744 1427 1763 :
1442 1735 1481 1763 ad
1497 1735 1680 1764 concubinas
1693 1735 1791 1770 illius,
1811 1735 1852 1763 vi-

1072 1783 1211 1812 dentibus
1226 1783 1353 1814 eunetis,
1370 1783 1501 1817 intravit;
1522 1782 1619 1818 ipsum
1635 1785 1750 1818 patrem
1764 1789 1851 1810 suum

1071 1831 1130 1858 vita
1146 1833 1173 1858 et
1185 1837 1278 1865 regno
1295 1830 1412 1866 privare
1427 1829 1531 1857 voluit.
1549 1831 1570 1858 lt
1587 1830 1665 1865 Κεφ,
1679 1837 1729 1857 xv.

1108 1877 1289 1905 sublimatus
1299 1885 1316 1905 a
1327 1876 1453 1905 Domino
1468 1876 1628 1905 Jeroboam
1642 1883 1732 1912 super
1746 1875 1852 1904 decem

1072 1924 1166 1953 tribus
1190 1924 1297 1959 lsrael,
1321 1924 1419 1951 statim
1443 1923 1545 1951 avertit
1568 1923 1714 1960 populum
1734 1931 1752 1952 a
1771 1923 1852 1952 cultu

1073 1973 1135 2000 veri
1150 1971 1215 2007 Dei,
1232 1974 1259 1999 et
1274 1971 1474 1999 commonitus
1494 1978 1548 2007 per
1571 1970 1764 2007 prophetam,
1779 1979 1853 2008 prae-

1073 2020 1149 2056 cepit
1165 2027 1232 2047 eum
1249 2018 1324 2055 capi.
1342 2020 1373 2047 ΙΙΙ
1390 2020 1466 2053 1109„
1483 2026 1546 2046 xm.

1109 2066 1202 2095 Aeliaz
1226 2074 1277 2094 rex
1304 2065 1380 2093 Juda
1405 2065 1496 2093 altare
1518 2064 1634 2093 Domini
1649 2065 1810 2101 transtulit,
1825 2068 1853 2095 et

1071 2114 1138 2143 feeit
1153 2114 1217 2141 tieri
1233 2113 1325 2141 altare
1351 2114 1390 2141 ad
1411 2112 1637 2140 similitudinem
1658 2112 1752 2147 illius,
1770 2113 1852 2149 quod

1072 2162 1187 2189 viderat
1202 2161 1231 2189 in
1248 2163 1406 2195 Damasco,
1422 2162 1450 2188 et
1461 2168 1550 2196 super
1564 2159 1638 2188 illud
1654 2159 1753 2188 offerri
1768 2159 1853 2190 holo·

1073 2212 1172 2238 causta
1187 2208 1335 2245 praecepit.
1355 2209 1386 2236 tv
1400 2208 1474 2242 ltro„
1490 2215 1550 2234 xri.

1109 2255 1312 2285 idololatriam
1329 2275 1338 2289 ,
1361 2254 1531 2290 sortilegia,
1551 2254 1733 2290 homicidia,
1756 2257 1784 2283 et
1807 2255 1852 2282 di-

1073 2311 1158 2332 versa
1185 2302 1308 2336 scelera,
1337 2310 1403 2337 quae
1439 2301 1587 2329 commisit
1619 2303 1765 2330 Manasses
1799 2309 1851 2331 rex

1073 2351 1167 2385 luda,
1184 2351 1253 2378 satis
1278 2351 1451 2383 narrantur,
1466 2350 1498 2377 lv
1520 2349 1595 2384 Κεφ,
1610 2357 1694 2382 xxxi,
1714 2350 1742 2377 et
1761 2349 1781 2377 tl
1796 2349 1851 2377 Ρα-

1074 2402 1138 2432 ral.,
1157 2407 1259 2427 xxxin.

1109 2450 1182 2475 (jum
1199 2445 1377 2474 debellasset
1399 2444 1532 2473 Amasias
1552 2444 1710 2478 idumaeos,
1734 2445 1762 2472 et
1776 2443 1853 2472 filios

1073 2495 1145 2529 Seir‚
1167 2496 1194 2521 et
1214 2493 1326 2521 tulisset
1350 2492 1423 2520 deos
1442 2500 1562 2527 eorum,
1580 2491 1714 2520 adoravit
1739 2499 1808 2527 ρος,
1826 2494 1854 2520 et

1073 2542 1130 2570 illis
1153 2540 1285 2570 adolevit
1306 2541 1474 2574 incensum,
1499 2541 1518 2567 tl
1534 2540 1642 2573 Paret„
1665 2546 1714 2566 xv.
1732 2540 1853 2574 Propter

1074 2589 1156 2626 quod
1174 2588 1313 2616 Dominus
1337 2595 1405 2614 eum
1429 2587 1525 2622 arguit
1547 2593 1600 2622 per
1615 2586 1791 2622 proplietam
1807 2585 1851 2614 di-

1073 2639 1187 2665 centem
1203 2635 1258 2662 sibi
1277 2644 1282 2662 :
1302 2645 1316 2660 «ι
1339 2636 1396 2663 Cur
1420 2633 1549 2662 adorasti
1564 2633 1652 2667 deos,
1668 2633 1720 2668 qui
1742 2640 1803 2661 non
1819 2631 1853 2660 li-

1072 2685 1251 2713 beraverunt
1266 2682 1411 2718 populum
1425 2688 1513 2708 suum
1528 2680 1565 2708 de
1580 2688 1672 2708 manu
1688 2681 1738 2708 tua
1749 2682 1762 2707 z>
1777 2690 1791 2705 n

1109 2732 1201 2759 Avlmz
1219 2738 1267 2758 rex
1292 2729 1368 2758 luda
1392 2728 1555 2756 immolavit
1577 2728 1709 2755 victimas
1727 2727 1783 2754 diis
1799 2728 1850 2754 Da-
