2004 3037
703 213 754 246 DE
775 211 901 246 SEXTO
924 211 1098 245 ITINERE.
1122 212 1222 246 DIST.
1245 212 1297 246 vl.

193 283 420 313 desideraretur.
436 282 508 311 Dicit
522 282 602 310 enim
617 281 774 318 Gregorius
786 281 818 310 in
830 280 969 310 homilia:

197 339 211 358 α
233 329 383 366 Profecto,
409 329 460 366 qui
487 331 580 358 Deum
607 328 768 364 desiderat,
790 329 853 364 jam
881 328 972 356 habet

193 385 284 414 quem
294 378 373 406 amat
379 387 387 413 ;
399 379 426 405 et
440 378 538 405 tamen
548 375 666 405 habitus
679 376 806 413 amplius
818 375 971 413 quaeritur,

193 425 264 462 quia
281 424 344 453 sine
362 424 422 452 fine
441 425 484 452 est
504 423 696 460 quaerendus‚
712 423 763 460 qui
778 423 840 451 sine
854 422 914 450 fine
930 425 973 451 est

194 471 380 508 diligendus,
394 472 427 499 ut
447 471 488 499 ait
508 471 687 507 Augustinus
701 472 709 489 ¹
725 479 877 508 exponens
896 470 972 499 illud

193 518 300 548 Psalmi
312 519 324 536 ²
340 527 346 547 :
366 519 485 552 Quoerz'te
494 519 593 552 faciem
608 518 663 553 ejus
678 525 789 554 semper.

228 565 380 594 Secundus
403 565 530 601 gradus,
554 572 614 600 quo
639 566 714 593 Deus
737 565 904 601 attingitur,
930 568 972 595 est

193 620 261 641 cum
274 620 329 649 per
342 611 543 648 cognitionem
561 611 719 640 invenitur.
737 612 873 648 cognitio
889 613 971 641 enim

193 661 236 687 est
243 661 323 688 actus
333 658 441 688 vitalis:
453 660 534 686 actus
543 659 642 686 autern
649 659 753 687 vitales
763 659 910 695 attingunt
918 668 972 688 sua

193 706 319 742 objecta,
334 707 366 734 ut
378 705 490 733 dictum
505 706 547 733 est
561 713 651 741 supra
660 715 668 741 3
682 705 755 734 alias
771 705 894 735 dilectus
909 715 971 735 non

192 752 313 781 dixisset
330 752 443 780 dilectoe
457 752 468 770 ³
484 761 491 779 :
516 753 674 780 Vulnerastz'
693 761 737 780 cor
756 761 843 781 mcum
865 756 895 781 τη
917 762 970 782 uno

192 800 328 828 oculorum
347 801 472 827 tuorum:
495 808 509 825 «
529 799 723 835 intelligentia
743 802 794 828 tua
813 802 970 836 penetran-

191 849 239 882 te,
263 857 278 873 »
305 847 346 874 ait
367 845 568 874 Vercellensis.
592 846 648 874 Sed
673 846 845 882 attingentia
871 850 972 876 manet

191 892 379 929 imperfecta,
402 892 458 920 nisi
478 892 525 927 id,
547 893 631 929 quod
653 901 782 929 praesens
806 896 848 922 est
867 895 970 930 cogni-

192 939 279 975 tioni,
294 939 346 967 fiat
358 947 487 976 praesens
505 939 650 967 voluntati
669 940 811 974 amantis‚·
828 941 898 977 quia
911 943 970 969 Au-

193 986 327 1022 gustinus
348 986 418 1014 dicit
432 986 462 1021 ⁴,
479 986 562 1022 quod
582 986 706 1022 quidam
731 989 824 1015 Deum
845 996 970 1023 cognos-

191 1034 271 1069 cunt,
287 1033 339 1070 qui
350 1035 449 1061 tamen
465 1034 557 1061 Deum
567 1035 689 1069 propter
700 1033 757 1062 hoc
772 1042 834 1062 non
848 1034 969 1070 habent,

191 1082 262 1118 quia
277 1081 301 1110 si
317 1090 385 1109 eum
400 1083 432 1109 ut
446 1082 538 1109 Deum
554 1083 778 1116 cognoverunt,
794 1090 855 1110 non
871 1085 970 1112 tamen

191 1130 223 1157 ut
237 1130 328 1157 Deum
343 1127 594 1164 glorificaverunt,
610 1129 642 1155 ut
655 1128 694 1156 ait
708 1129 876 1165 Apostolus.

225 1175 336 1204 Tertius
350 1175 477 1211 gradus,
493 1183 554 1211 quo
575 1176 649 1203 Deus
664 1175 832 1211 attingitur,
847 1178 890 1204 est
903 1185 971 1205 cum

191 1225 266 1251 Deus
285 1231 339 1259 per
362 1230 497 1250 amorem
517 1224 648 1257 tenetur,
665 1224 693 1250 et
716 1223 920 1259 amplexatur,
943 1226 971 1253 et

190 1269 378 1306 spiritualiter
408 1269 614 1297 manducatur.
645 1270 677 1297 Hi
706 1271 805 1298 autem
832 1272 913 1298 actus
943 1273 971 1298 et

190 1316 300 1353 gradus
319 1318 386 1344 sunt
404 1316 607 1352 principaliter
625 1316 717 1352 ipsius
740 1317 860 1345 affectus
875 1320 903 1345 et
916 1326 971 1346 vo-

189 1363 317 1392 luntatis.
335 1363 417 1391 Unde
432 1363 610 1398 Augustinus
627 1363 696 1391 dicit
710 1364 719 1380 ³⁵
733 1364 816 1400 quod
832 1365 970 1393 voluntas

189 1411 279 1439 habet
300 1418 396 1439 unum
417 1410 573 1446 proprium
596 1413 709 1445 actum,
739 1411 791 1447 qui
821 1414 862 1439 est
889 1414 970 1440 actus

189 1457 320 1492 tenendi,
336 1457 398 1485 sive
413 1457 616 1492 amplexandi,
633 1459 660 1484 et
674 1457 757 1493 quasi
772 1458 945 1493 possidendi
961 1469 968 1487 :

190 1513 266 1542 quos
281 1506 362 1533 actus
381 1512 443 1532 non
464 1505 560 1540 potest
578 1503 689 1532 habere
706 1503 879 1533 intellectus.
897 1507 969 1534 Nam

189 1551 337 1589 possessio
355 1559 417 1579 non
432 1552 474 1578 est
495 1550 658 1578 intellectus
677 1552 881 1586 cognoscentis
892 1573 901 1586 ,
917 1553 970 1580 sed

190 1598 350 1628 voluntatis
368 1597 521 1632 habentis,
537 1597 611 1625 sicut
634 1597 743 1626 sanitas
764 1599 828 1626 sani
846 1607 908 1627 non
928 1601 970 1628 est

190 1645 300 1674 medici
321 1644 542 1681 cognoscentis,
567 1644 619 1672 sed
644 1645 707 1672 sani
732 1653 799 1673 eam
822 1646 968 1674 habentis.

190 1693 271 1721 Unde
287 1694 315 1720 et
332 1693 431 1720 actum
445 1691 582 1726 gustandi
601 1699 664 1719 non
683 1691 773 1719 habet
794 1692 969 1728 intellectus,

189 1740 243 1769 sed
257 1739 394 1768 voluntas
406 1748 412 1767 :
431 1739 502 1775 quia
518 1741 619 1774 gustus
630 1741 673 1766 est
684 1739 715 1767 in
729 1740 880 1775 charitate,
896 1741 970 1769 sicut

191 1787 261 1816 dicit
280 1786 443 1815 Richardus
460 1795 466 1814 :
483 1786 536 1814 sed
555 1786 695 1822 charitas,
712 1787 760 1814 vel
782 1787 911 1823 dilectio,
928 1790 971 1816 est

191 1836 272 1863 actus
286 1833 457 1861 voluntatis.
473 1835 562 1867 Nam,
582 1833 656 1861 sicut
674 1834 744 1861 dicit
760 1834 923 1863 Richardus
938 1836 947 1851 ὃ
961 1844 968 1863 :

193 1891 206 1907 ι(
225 1881 303 1909 Sicut
325 1882 399 1908 Deus
422 1888 476 1916 per
503 1880 680 1908 memoriam
706 1881 844 1916 auditur,
866 1885 893 1910 et
917 1890 970 1918 per

190 1927 415 1962 intelligentiam
428 1926 559 1962 videtur,
575 1927 615 1955 ita
628 1935 682 1963 per
703 1928 841 1955 affectum
857 1930 970 1965 amplc-

190 1977 277 2003 xatur
297 1976 324 2002 et
346 1973 505 2008 attingitur.
527 1983 540 1998 n
560 1975 640 2001 Hunc
663 1976 771 2002 tactum
787 1975 970 2010 spiritualem

191 2023 311 2059 experta
326 2021 398 2056 fuit,
415 2028 481 2057 quae
503 2021 576 2049 dixit
589 2021 599 2036 ⁷
615 2030 621 2048 :
649 2023 728 2049 Loeva
744 2023 801 2056 ejus
817 2023 864 2050 sub
881 2026 970 2059 capite

191 2078 256 2097 meo.
283 2078 296 2095 «
315 2070 405 2096 Laevae
426 2069 547 2096 nomine
570 2068 774 2104 intelliguntur
796 2069 969 2105 splendores

191 2116 353 2145 intellectus
371 2115 558 2151 speculativi,
579 2116 631 2151 qui
652 2115 691 2142 ad
713 2118 830 2151 gustum
849 2117 970 2144 viatoris

190 2164 349 2201 pertinent3
366 2162 475 2190 dextrae
489 2162 624 2197 nomine,
641 2171 707 2198 quae
722 2163 848 2198 patriam
863 2164 968 2199 signat,

191 2210 362 2245 intelligitur
382 2209 675 2245 superintellectualis
697 2210 790 2237 unitio
807 2210 846 2237 ad
861 2212 969 2245 Deum,

193 2266 258 2294 quae
272 2256 424 2294 speculum
439 2256 540 2290 nescit,
561 2258 588 2284 et
604 2256 688 2292 quasi
702 2256 741 2284 ad
755 2257 911 2292 pree-mium
926 2257 970 2285 in-

192 2305 282 2334 clinat
294 2306 437 2339 tanquam
452 2303 540 2331 arrha
550 2324 557 2338 ,
578 2304 605 2330 et
619 2303 727 2339 pignus
742 2312 796 2331 nec
811 2304 968 2334 auferetur.

192 2352 287 2386 Quare
306 2349 380 2378 dixit
393 2350 524 2386 sponsa⁸
544 2359 552 2376 z
571 2351 655 2377 Tenui
670 2359 745 2382 eum,
762 2359 807 2378 nec
828 2351 970 2380 dimittam

192 2401 286 2434 illum,
302 2400 370 2435 post
383 2400 443 2425 tam
457 2397 622 2425 excessivos
634 2398 807 2434 amplexus,
824 2400 851 2426 et
864 2399 969 2427 ineffa-

193 2446 278 2474 biles.
294 2455 308 2473 »
325 2447 390 2474 Haec
403 2444 601 2472 vercellensis.

230 2493 336 2526 Quinto
366 2494 448 2520 Jesus
475 2492 517 2519 est
550 2491 635 2527 panis
665 2493 968 2528 supersubstantialis,

228 2580 232 2592 ¹
250 2580 325 2608 Aug,
341 2578 366 2601 iu
387 2578 454 2601 Psal⁴
475 2583 524 2605 (ιμ’,
546 2577 650 2608 Erzarzn,
671 2585 696 2601 11.
720 2580 742 2602 3.
763 2592 793 2596 —-—
811 2579 819 2593 ²
834 2579 901 2603 Psal.
919 2586 969 2604 civ.

196 2616 218 2639 4.
234 2626 264 2632 —·
277 2614 287 2630 ³
303 2613 386 2643 Cant„
403 2619 438 2643 iv,
460 2615 483 2638 9.
500 2626 530 2630 —
545 2613 552 2627 ⁴
568 2615 643 2643 Aug„
658 2613 691 2637 od
711 2614 799 2643 Das-d„
816 2615 890 2645 epist.
906 2622 970 2646 L'·'11,

196 2650 227 2674 al.
244 2655 377 2680 cnrxxvu,
393 2656 419 2672 n.
435 2651 461 2673 ‘21
480 2652 503 2673 ei
520 2651 558 2673 29.
574 2662 601 2666 —
615 2650 622 2663 ³
639 2649 685 2679 ld„
697 2650 728 2674 (le
749 2650 850 2679 Tm'm't.,
865 2652 908 2675 lib.
928 2652 969 2680 lx,

197 2693 218 2710 c.
240 2691 294 2715 1111,
316 2692 342 2708 u.
365 2686 400 2708 13.
420 2698 449 2703 -—
470 2684 622 2714 ⁶1tichard.,
641 2685 669 2709 (le
691 2685 839 2717 Conlempl„
863 2687 905 2711 lii).
929 2688 968 2717 lX,

1747 216 1804 247 471

1026 280 1102 309 sicut
1122 282 1203 317 patet
1221 282 1232 299 ⁹
1255 281 1286 310 in
1304 281 1437 311 Matthaeo
1462 291 1469 310 :
1494 282 1564 311 ideo
1586 282 1752 319 gratissima
1779 284 1808 311 et

1026 327 1273 358 sufficientissima
1288 329 1408 358 refectio
1428 329 1604 366 angelorum
1621 330 1642 348 ¹⁰
1662 331 1691 358 et
1707 329 1806 358 homi-

1026 383 1113 409 num,
1130 377 1161 404 ut
1176 376 1283 404 dicitur
1296 376 1327 404 in
1343 376 1471 413 psalmo.
1491 377 1561 406 Ideo
1577 376 1723 413 attingens
1737 385 1807 413 gus-

1026 423 1090 451 tum
1110 422 1255 451 interioris
1276 425 1400 458 mentis,
1421 424 1517 461 aperit
1535 432 1602 452 eum
1623 424 1663 453 ad
1683 425 1808 453 oeterno-

1027 478 1094 498 rum
1111 470 1303 499 dulcedinem
1314 471 1503 507 gustandam.
1519 472 1600 500 Unde
1615 472 1808 501 Vercellensis

1027 524 1115 553 supi-r
1129 518 1247 546 Cantica
1269 517 1362 546 dicit:
1384 527 1397 544 «
1421 518 1498 546 Nihil
1519 520 1561 547 est
1582 519 1665 555 quod
1679 519 1720 548 ita
1740 527 1805 556 gra-

1026 564 1087 592 tam
1102 564 1251 593 mentibus
1271 566 1389 600 praestet
1406 565 1616 601 refectionem,
1632 566 1706 594 sicut
1725 566 1809 602 panis

1026 611 1326 647 supersubstantialis.
1343 613 1406 640 Haec
1419 611 1497 640 enim
1509 612 1629 641 refectio
1640 620 1701 641 non
1713 613 1746 641 fit
1755 621 1810 649 per

1027 658 1199 694 speculum,
1215 658 1268 686 sed
1282 667 1336 694 per
1351 658 1459 687 dlvinae
1474 658 1642 687 dulcedinis
1655 659 1808 697 experien-

1026 704 1114 739 tiam,
1127 705 1211 741 Juxta
1224 705 1307 741 quod
1323 707 1424 741 gustus
1439 707 1467 733 et
1482 707 1574 734 tactus
1588 714 1650 734 non
1670 715 1808 735 exercen-

1026 752 1073 779 tur
1093 759 1146 788 per
1168 752 1342 788 speculum,
1366 752 1440 780 sicut
1461 752 1551 780 visus.
1575 754 1608 781 Et
1629 753 1660 781 in
1680 753 1737 782 hac
1760 754 1810 782 Dei

1025 799 1251 835 participatione
1261 798 1404 827 fundatur
1418 799 1517 835 portio
1532 799 1627 828 Mariae
1639 800 1669 835 ¹¹,
1683 809 1742 836 quae
1756 809 1810 829 non

1027 846 1164 878 auferetur
1186 846 1219 873 ab
1236 854 1275 873 ea.
1300 846 1356 874 Sed
1379 846 1441 874 haec
1460 848 1503 874 est
1523 847 1695 883 principalis
1716 847 1810 876 ruinas

1027 892 1155 929 antiquae
1178 893 1326 928 reparatio
1337 913 1346 928 ,
1378 893 1501 929 quando
1532 893 1563 921 in
1587 893 1687 930 primo
1714 894 1810 923 Adam

1027 939 1145 975 spoliati
1167 939 1293 974 fuimus,
1315 941 1343 967 et
1361 940 1508 968 vulnerati
1531 940 1562 968 in
1580 941 1776 970 naturalibus.
1793 953 1806 967 n

1026 988 1089 1014 Hoec
1101 986 1160 1014 ille.
1172 987 1312 1020 Quamvis
1323 989 1424 1015 autem
1434 987 1487 1016 iste
1499 988 1585 1024 panis
1599 988 1709 1017 habeat
1720 996 1810 1017 omne

1027 1033 1275 1062 delectamentum
1295 1035 1323 1062 et
1347 1042 1467 1062 omnem
1482 1043 1621 1071 saporem
1642 1035 1808 1072 suavitatis,

1027 1083 1054 1109 ct
1075 1083 1157 1109 sanet
1176 1090 1280 1110 omnes
1299 1081 1484 1110 infirmitates
1504 1083 1621 1111 nostras
1644 1083 1810 1111 secundum

1026 1129 1210 1157 Psalmistam
1222 1150 1231 1163 ,
1246 1137 1308 1157 non
1328 1120 1427 1157 tamen
1452 1129 1592 1157 omnibus
1611 1130 1687 1166 sapit
1708 1138 1810 1166 aequa-

1026 1176 1099 1204 liter.
1126 1176 1197 1204 Dicit
1215 1184 1345 1212 namque
1368 1176 1535 1204 Bernardus
1553 1176 1597 1204 12:
1617 1186 1630 1203 «
1652 1178 1726 1206 Deus
1748 1185 1810 1205 non

1027 1223 1211 1251 uniformiter
1234 1223 1310 1259 sapit
1328 1223 1478 1251 omnibus.
1498 1234 1512 1250 n
1541 1224 1660 1260 Oportet
1678 1232 1810 1261 namque

1026 1279 1081 1308 pro
1101 1271 1191 1299 variis
1213 1270 1318 1299 animae
1337 1270 1492 1298 desideriis
1516 1271 1625 1299 divinae
1649 1272 1811 1308 praesentiae

1026 1320 1145 1353 gustum
1169 1318 1305 1353 variare,
1331 1320 1359 1346 et
1382 1317 1515 1346 infusum
1540 1326 1679 1354 saporem
1702 1319 1810 1348 divinae

1027 1365 1193 1394 dulcedinis
1204 1365 1322 1393 diversa
1332 1365 1493 1401 appetentis
1505 1365 1612 1393 animae
1623 1365 1708 1394 aliter
1721 1367 1809 1403 atque

1026 1413 1110 1440 aliter
1132 1412 1281 1441 oblectare
1304 1413 1448 1448 palatum.
1475 1412 1600 1440 Multum
1624 1412 1705 1440 enim
1726 1413 1811 1441 diffe-

1026 1462 1124 1487 renter
1139 1459 1215 1495 sapit
1230 1459 1283 1487 iste
1299 1459 1385 1495 panis
1399 1459 1467 1488 vitae
1480 1461 1596 1487 aeternae
1611 1460 1765 1496 reprobis,
1782 1462 1810 1489 et

1027 1507 1134 1534 electis
1151 1506 1232 1534 Unde
1249 1506 1416 1541 Gregorius,
1431 1506 1589 1534 undecimo
1610 1507 1758 1534 Moralium
1776 1507 1809 1542 ¹³,

1027 1561 1179 1590 exponens
1193 1553 1269 1580 illud
1280 1553 1335 1581 Job
1354 1551 1375 1570 ¹'⁶
1391 1561 1397 1580 :
1414 1553 1499 1580 Auris
1517 1554 1598 1580 verba
1616 1553 1769 1588 dijudicat,
1783 1558 1809 1582 et

1026 1602 1118 1635 fauces
1134 1601 1291 1628 comedentis
1305 1607 1439 1635 saporem,
1456 1600 1526 1628 dicit
1540 1600 1581 1627 sic
1596 1609 1602 1628 :
1618 1609 1632 1626 «
1647 1600 1701 1628 Job
1717 1601 1749 1628 in
1763 1601 1810 1629 his

1025 1648 1124 1675 verbis
1140 1647 1255 1683 aliquid
1270 1647 1308 1675 de
1322 1647 1469 1683 reprobis,
1483 1648 1510 1674 et
1525 1646 1640 1683 aliquid
1657 1647 1694 1675 de
1710 1647 1810 1675 electis

1025 1694 1148 1722 innuere
1171 1694 1308 1729 videtur,
1335 1693 1407 1730 quia
1432 1693 1525 1722 verba
1549 1693 1718 1730 sapientiae,
1742 1702 1809 1730 quae

1025 1742 1147 1778 reprobi
1164 1742 1290 1770 audiunt
1310 1743 1442 1776 tantum,
1457 1741 1542 1769 electi
1557 1749 1619 1769 non
1640 1741 1740 1769 solum
1755 1749 1808 1770 au-

1027 1790 1120 1824 diunt,
1137 1789 1190 1816 sed
1203 1789 1292 1816 etiam
1307 1790 1433 1824 gustant,
1449 1789 1482 1816 ut
1496 1788 1537 1816 eis
1552 1788 1583 1816 in
1596 1788 1687 1816 corde
1702 1788 1808 1825 sapiat,

1026 1837 1110 1873 quod
1130 1836 1330 1872 reproborum
1352 1843 1414 1863 non
1436 1835 1604 1871 mentibuS,
1620 1835 1674 1863 sed
1693 1835 1808 1863 solum-

1025 1884 1118 1912 modo
1134 1884 1257 1912 auribus
1275 1884 1371 1911 sonat.
1390 1882 1479 1910 Aliud
1497 1890 1628 1918 namque
1643 1883 1686 1910 est
1707 1882 1809 1910 cibum

1026 1931 1202 1960 nominatim
1222 1931 1326 1958 audire
1341 1930 1550 1965 solummodo,
1571 1929 1656 1958 aliud
1677 1937 1748 1958 vero
1766 1931 1810 1957 est

1026 1981 1153 2014 gustare.
1174 1978 1262 2006 Electi
1280 1978 1380 2013 itaque
1400 1977 1502 2005 cibum
1521 1976 1673 2012 sapientiae
1691 1976 1733 2004 sic
1752 1984 1807 2004 au-

1027 2026 1126 2060 diunt,
1145 2027 1176 2052 ut
1196 2025 1371 2059 degustent:
1394 2023 1465 2059 quia
1483 2023 1541 2052 hoc
1561 2023 1644 2058 quod
1663 2022 1807 2057 audiunt,

1025 2072 1097 2108 ipsis
1120 2080 1173 2107 per
1200 2079 1334 2099 amorem
1361 2070 1534 2098 medullitus
1563 2070 1658 2105 sapit3
1685 2069 1807 2105 reprobi

1026 2127 1112 2151 vero,
1128 2118 1254 2154 qualiter
1271 2118 1383 2154 sapiat,
1398 2117 1545 2153 ignorant.
1568 2115 1657 2145 Aliud
1671 2116 1750 2144 enim
1765 2117 1808 2144 est

1026 2166 1140 2202 aliquid
1155 2165 1228 2193 scire
1247 2165 1284 2192 de
1304 2166 1383 2199 Deo,
1404 2166 1433 2192 et
1454 2163 1538 2192 aliud
1551 2185 1560 2198 ‚
1575 2163 1659 2200 quod
1681 2170 1807 2198 cognos-

1027 2212 1118 2248 citur,
1134 2205 1269 2240 faucibus
1287 2211 1487 2247 intelligentiae
1502 2213 1630 2246 gustare.
1651 2209 1704 2238 lna
1726 2209 1806 2237 enim

1027 2260 1105 2288 dicta
1128 2259 1159 2286 in
1182 2258 1333 2295 sapientiae
1357 2258 1457 2286 radice
1480 2258 1608 2286 solidata
1628 2258 1715 2292 sunt,
1739 2265 1806 2293 quae

1026 2315 1079 2343 per
1104 2306 1224 2334 vivendi
1250 2314 1339 2334 usum
1364 2307 1392 2333 et
1423 2307 1543 2334 actuum
1568 2304 1804 2340 experimentum

1027 2354 1274 2382 convalescunt.»
1294 2355 1358 2381 Haec
1380 2352 1547 2389 Gregorius
1569 2352 1643 2386 Sed,
1661 2353 1693 2379 ut
1713 2358 1803 2387 supra

1027 2401 1139 2429 dictum
1154 2403 1210 2436 est,
1226 2402 1342 2436 oportet
1361 2400 1512 2428 volentem
1527 2400 1643 2434 gustare
1657 2397 1736 2426 hunc
1751 2405 1802 2433 pa-

1026 2456 1095 2476 nem
1106 2447 1436 2484 supersubstantialem,
1450 2446 1560 2474 habere
1576 2453 1679 2473 sensus
1693 2438 1802 2472 excita-

1027 2498 1080 2524 tos.
1105 2497 1162 2523 Hos
1180 2503 1282 2523 sensus
1304 2494 1458 2522 interiores
1478 2493 1597 2521 videtur
1619 2492 1724 2520 beatus
1748 2493 1804 2519 Au-

1028 2588 1049 2604 c.
1067 2586 1108 2604 xv.
1124 2592 1154 2597 —
1168 2580 1177 2595 Ἴ
1195 2579 1278 2608 Gaul„
1294 2584 1322 2608 11,
1340 2579 1363 2601 0.
1378 2591 1409 2594 —
1424 2578 1431 2589 ἓ
1448 2577 1586 2606 Cant.,111,
1604 2576 1626 2599 4.
1638 2588 1669 2593 —
1681 2576 1689 2588 ⁹
1703 2574 1804 2603 Mami„

1027 2618 1162 2646 κ·1,11,-
1186 2616 1202 2629 ¹⁰
1218 2613 1284 2638 Psal.
1306 2619 1410 2643 Lxxvu,
1433 2615 1468 2637 115.
1489 2625 1520 2630 —
1544 2613 1560 2628 ¹¹
1580 2612 1648 2640 Luc,
1673 2616 1698 2639 x,
1716 2611 1755 2634 42.
1775 2623 1802 2627 -

1029 2653 1047 2668 ¹²
1064 2653 1152 2681 Rern„
1172 2652 1196 2674 z'n
1217 2651 1300 2678 Cant..
1318 2656 1394 2674 serm.
1416 2655 1456 2680 111,
1474 2650 1531 2679 post
1549 2647 1617 2672 med.
1633 2659 1664 2666 -·
1680 2646 1698 2663 ¹³
1716 2647 1802 2677 Greg„

1027 2688 1127 2719 iilcrul„
1146 2687 1187 2711 lib.
1205 2687 1246 2717 ΧΙ,
1263 2693 1283 2709 c.
1302 2691 1335 2715 w,
1348 2688 1406 2709 ante
1422 2686 1489 2709 med.
1504 2697 1535 2702 —-
1553 2684 1572 2700 ¹⁸
1587 2682 1641 2712 λοῦ,
1656 2689 1703 2713 xil,
1721 2683 1758 2706 11.
