2004 3037
235 256 275 286 26
827 257 1002 290 MYSthA
1022 257 1262 291 THEOLOGIA.

235 322 302 359 quis
319 322 492 359 vilipendit,
512 330 580 350 oum
601 323 696 352 calcat
716 323 754 360 (a)
776 325 894 361 omnia,
916 325 1010 354 multo

234 370 333 399 verius
350 378 441 407 quam
458 370 566 398 mundi
583 371 732 408 principes
750 372 892 402 omnibus
913 372 1012 401 domi-

234 420 330 446 natur.

270 464 328 493 Sed
345 467 373 493 et
390 473 443 501 per
461 465 540 493 hanc
560 466 737 502 sapientiam
757 469 893 503 respectu
912 468 1012 496 inimi-

235 520 339 540 eorum
356 513 486 553 suaviter
504 513 689 550 disponitur,
704 517 768 543 tum
787 515 900 543 ratione
913 515 1012 552 irrup-

234 559 321 587 tionis
336 559 371 596 (b)
383 568 498 595 eorum,
508 562 572 589 tum
581 561 695 590 ratione
705 562 894 591 fortitudinis.
909 562 1013 598 Sagaci

235 606 316 634 enim
343 607 470 635 versutia
497 608 651 637 instantius
677 609 790 637 inimici
817 609 1011 646 pervigilant,

235 654 388 689 quomodo
411 656 470 683 Deo
494 658 624 683 mentem
647 657 760 684 unitam
783 664 802 685 a
824 665 878 684 suo
903 656 1011 685 dilecto

234 700 353 729 valeant
379 709 537 738 separare;
563 703 616 730 sed
646 711 699 739 per
723 703 810 732 istam
836 704 1012 740 sapientiam

235 746 377 776 liberatur
394 748 440 784 (c),
457 749 528 785 quia
547 749 654 778 haustu
673 750 783 778 amoris
801 750 875 778 fonti
889 750 1010 778 luminis

235 795 478 832 appropinquat,
505 797 534 824 et
564 804 600 824 ex
630 797 695 833 ipsa
723 797 1013 834 appropinquatione

237 842 345 871 divinis
377 843 470 871 radiis
500 844 667 872 necessario
697 845 875 880 illustratur,
903 846 1014 882 quibus

236 890 324 918 etiam
338 891 552 919 versutissimas
570 892 758 926 tentationes,
773 894 801 920 et
819 893 970 928 palliatas»,
986 896 1014 922 et

236 936 291 964 sub
307 936 402 973 specie
417 937 557 965 bonitatis
571 939 727 974 praetentas
737 959 746 972 ,
761 939 818 967 cito
831 942 858 968 et
871 939 1015 975 sagaciter

235 983 429 1020 deprehendit
445 993 451 1012 z
472 986 541 1012 tunc
561 984 653 1013 hostis
671 986 814 1020 sagacitas
836 987 1013 1021 confutatur,

233 1030 321 1067 quia,
337 1031 502 1059 secundum
521 1031 604 1067 quod
624 1031 654 1058 in
675 1032 841 1060 Proverbiis
864 1033 988 1061 dicitur¹
1005 1043 1012 1060 :

232 1079 345 1106 Frustra
357 1079 460 1114 jacitur
478 1081 534 1107 rete
549 1082 613 1107 ante
633 1081 722 1108 oculos
743 1084 940 1115 pennatorum,
962 1081 1014 1117 qui

232 1133 286 1161 per
302 1126 492 1154 affectionum
504 1125 651 1154 desideria
665 1128 676 1144 ¹
691 1128 783 1155 volant
795 1130 864 1155 sicut
880 1128 970 1159 nubes.
989 1132 1014 1156 et

234 1174 313 1206 quasi
328 1173 453 1200 columboe
471 1172 507 1199 ad
525 1174 659 1206 fenestras
678 1181 760 1205 suas,
776 1173 850 1202 sicut
864 1174 970 1209 legitur
984 1174 1015 1202 in

233 1220 318 1248 lsaia.
483 1251 491 1260 .
663 1217 666 1220 ’

269 1266 437 1302 Disponitur
456 1267 544 1294 etiam
563 1270 697 1303 respectu
712 1268 805 1303 ipsius
823 1267 1012 1303 fortitudinis,

233 1313 305 1350 quia
318 1315 400 1341 tanta
413 1313 599 1341 vehementia
615 1314 671 1349 ipsi
693 1314 828 1348 inhoeret,
844 1322 935 1350 quem
950 1315 1014 1342 dili-

233 1361 275 1396 git
292 1360 451 1394 veraciter‚
472 1362 503 1388 ut
518 1360 616 1396 potius
632 1360 772 1388 millesies
789 1369 820 1388 se
835 1361 1015 1397 permitteret

230 1408 377 1443 jugulari,
394 1415 485 1444 quam
499 1408 606 1443 semel,
624 1417 661 1436 ex
674 1408 899 1443 deliberatione,
916 1408 1014 1436 dilecti

234 1455 379 1482 offensam
402 1455 572 1482 incurreret.
596 1457 627 1483 Et
647 1455 686 1482 ad
705 1455 791 1483 istam
812 1455 1014 1483 fortitudinem

234 1501 484 1529 ineradicabiliter
512 1501 725 1535 obtinendam,
753 1501 844 1530 habet
872 1502 926 1529 ista
954 1502 1015 1529 duo

235 1548 436 1583 coadjutoria,
449 1550 480 1576 ut
496 1548 585 1575 veluti
606 1548 643 1576 de
657 1548 779 1584 propria
794 1548 907 1575 familia
925 1547 1015 1583 ipsius

235 1595 332 1622 dilecti
354 1595 499 1623 Creatoris
521 1595 664 1629 dirigente
690 1595 810 1622 dextera
833 1597 1016 1630 protegatur,

236 1642 399 1669 secundum
414 1641 490 1669 illud
504 1642 658 1677 Sapientiae
672 1641 681 1657 ³
699 1651 705 1668 ;
722 1643 860 1668 Justorum
875 1644 973 1668 animae
988 1644 1018 1669 in

237 1697 318 1715 marm
332 1690 380 1715 Dei
392 1691 453 1715 sunt
465 1697 471 1714 ε
484 1691 511 1715 et
522 1688 595 1715 illud
605 1696 622 1715 a
635 1691 717 1724 parte
733 1688 788 1721 sui,
804 1688 875 1723 quia
889 1689 912 1715 si
929 1689 1017 1716 etiam

237 1734 401 1762 fortissimis
425 1735 634 1762 tentationibus
656 1734 694 1762 ab
717 1734 844 1762 inimicis
868 1734 1016 1770 propelle-

238 1783 317 1808 retur
331 1781 487 1814 intensius,
502 1780 593 1808 veluti
613 1789 686 1816 puer
704 1781 808 1808 timens
824 1780 892 1808 laedi
908 1781 947 1808 ab
964 1780 1017 1808 ali-

240 1836 300 1863 quo
322 1828 360 1855 ad
382 1830 506 1855 matrem
525 1827 697 1862 confugeret
721 1827 797 1861 cito,
818 1827 858 1855 sic
881 1835 964 1854 mens
987 1827 1018 1854 in

240 1875 405 1902 fortissimis
428 1874 638 1902 tentationibus
663 1874 701 1902 ad
728 1874 895 1901 subsidium
921 1874 1018 1908 illius,

242 1930 330 1957 quem
346 1921 455 1956 diligit,
477 1921 627 1956 consurgit
645 1921 802 1955 velociter,
819 1923 846 1948 ct
867 1921 905 1948 ad
921 1920 1019 1956 ipsum

242 1969 375 2004 aspirans
395 1968 536 1995 intensius
554 1968 686 1995 recurrit.
708 1970 740 1995 Et
761 1968 812 1994 iste
834 1967 942 1994 modus
956 1967 1020 1994 vin-

243 2015 329 2043 cendi
344 2015 494 2042 daemones
509 2014 583 2042 iuter
599 2014 673 2042 alios
689 2016 731 2041 est
747 2014 915 2049 praeclarus.

280 2064 331 2089 Per
346 2062 431 2089 istam
451 2061 624 2097 sapientiam
643 2061 843 2096 temperantiae
860 2061 950 2087 virtus
968 2060 1021 2087 du-

245 2110 317 2137 citur
332 2109 370 2136 ad
391 2108 553 2144 perfectum
570 2117 576 2135 ε
595 2116 630 2135 ex
644 2107 701 2134 hoc
719 2107 798 2134 enim
818 2109 860 2134 est
882 2107 1022 2143 intempe-

245 2155 339 2183 rantia
350 2155 491 2188 humana,
505 2154 587 2190 quod
598 2154 688 2181 homo
704 2154 733 2181 in
745 2153 825 2189 gula,
837 2153 885 2180 vel
895 2153 1022 2186 luxuria,

246 2202 293 2229 vel
307 2201 371 2228 aliis
391 2202 486 2228 carnis
503 2201 666 2235 illecebris,
687 2201 797 2228 omissa
811 2208 882 2227 vcra
898 2200 1023 2227 delecta-

246 2249 340 2280 tione,
361 2256 427 2283 quae
448 2250 489 2274 est
508 2256 543 2274 cx
563 2248 770 2282 conjunctione
791 2248 839 2274 Dei
856 2249 883 2274 ct
904 2247 1022 2279 animae,

247 2294 454 2322 miserabiliter
468 2293 639 2321 delectatur.
664 2295 735 2321 Cum
753 2294 839 2327 igitur
854 2293 946 2320 multo
963 2301 1024 2319 nia-

245 2342 292 2377 jor
308 2341 344 2368 sit
362 2341 412 2368 illa
433 2341 587 2368 delectatio
600 2361 608 2374 ‚
625 2348 690 2375 quae
711 2343 753 2367 est
776 2340 806 2367 in
836 2342 909 2373 Deo,
934 2348 1024 2374 quam

249 2397 314 2424 quie
333 2390 374 2415 est
390 2388 419 2414 in
435 2395 538 2420 carne,
553 2387 626 2414 sicut
646 2389 719 2414 Deus
736 2386 842 2414 melior
862 2389 917 2421 est,
933 2395 1024 2421 quam

249 2435 311 2462 ulla
326 2436 472 2468 ereatura,
489 2434 518 2460 in
539 2442 598 2469 qua
618 2433 750 2460 carnales
773 2433 908 2460 homines
929 2433 1026 2460 delec-

251 2484 364 2509 tantur:
382 2481 411 2507 i11
430 2484 575 2516 quantum
590 2480 669 2507 enim
689 2480 725 2506 de
746 2488 815 2507 vera
833 2480 883 2507 illa
900 2480 1025 2507 delecta-

251 2529 328 2556 tione
352 2536 435 2555 mens
459 2527 633 2554 sensibiliter
662 2526 829 2562 experitur,
855 2527 884 2553 in
912 2528 1027 2554 tantum

251 2574 451 2601 vehementius
463 2573 612 2601 carnalem
625 2573 849 2600 delectatiOnom
864 2573 983 2609 respuit,
1001 2576 1028 2600 et

252 2621 337 2648 illum
352 2621 503 2648 inveniens
516 2620 547 2647 in
565 2620 673 2647 lectulo
690 2620 798 2647 amoris
809 2641 817 2653 ,
834 2620 884 2655 qui
900 2622 941 2647 est
956 2628 1027 2647 vera

287 2684 317 2712 (ιι)
339 2682 466 2711 Susanna,
487 2682 528 2712 qui
543 2682 631 2706 calcat.
647 2695 675 2699 —
691 2682 724 2711 (b)
744 2682 808 2706 Coet.
824 2682 885 2706 ειίίί.
909 2682 1029 2712 irreptio-

255 2718 303 2742 nis.
316 2731 345 2735 —
360 2719 386 2747 (c)
404 2718 444 2741 Al.
457 2718 606 2742 liberantur.

1064 325 1246 362 iucunditas,
1261 326 1303 355 sic
1315 326 1388 356 dicit
1399 326 1411 343 ⁶
1426 336 1434 356 :
1449 329 1523 356 Mihi
1535 330 1627 357 autem
1640 329 1777 358 adhoerera
1790 332 1844 359 Deo

1068 372 1165 401 bonum
1185 376 1224 401 est
1238 381 1249 402 .·
1263 374 1353 410 igitur
1374 375 1431 403 hae
1452 375 1553 404 habita
1578 375 1617 404 ab
1639 376 1724 412 ipsa,
1742 379 1846 407 ooetera

1068 418 1128 447 alia
1142 419 1179 448 de
1193 420 1273 448 facili
1284 421 1451 458 vilipendit.

1103 467 1156 494 Per
1173 467 1330 503 mysticam
1348 469 1437 497 etiam
1459 470 1636 506 sapientiam
1651 471 1765 507 justitia
1782 479 1848 508 per-

1067 512 1142 541 fecta
1153 514 1324 550 acquiritur,
1340 515 1411 552 quia
1423 523 1495 544 vera
1505 517 1618 552 justitia
1626 518 1690 545 haec
1701 527 1708 546 :
1719 517 1847 546 reddere

1069 562 1127 589 Deo
1137 561 1222 598 quod
1231 570 1319 590 suum
1327 565 1378 597 est,
1392 564 1420 591 et
1425 562 1482 591 sibi
1492 563 1577 600 quod
1587 572 1674 593 suum
1681 567 1733 600 est,
1744 567 1773 593 et
1779 573 1848 602 pro-

1068 608 1148 636 ximo
1160 617 1215 636 suo
1227 609 1312 646 quod
1325 617 1413 637 suum
1427 612 1480 638 est.
1493 610 1590 639 Primo
1603 611 1684 639 enim
1696 620 1750 648 per
1759 612 1847 641 istam

1068 655 1245 691 sapientiam
1259 656 1403 685 unitivam
1422 657 1559 686 redditur
1581 659 1641 686 Deo
1657 658 1741 695 quod
1759 667 1849 687 suum

1069 704 1125 730 est:
1137 710 1208 730 nam
1218 711 1272 739 per
1284 704 1447 740 quemlibet
1462 707 1578 733 motum
1590 705 1849 739 consumationis,

1069 748 1170 777 anima
1181 750 1365 778 constituitur
1378 753 1446 779 ante
1468 753 1560 779 Deum
1571 761 1580 786 3
1595 760 1648 788 per
1661 752 1849 780 affectionem

1069 795 1158 823 etiam
1176 796 1302 832 amoris,
1317 797 1416 825 anima
1431 798 1535 834 quaerit
1548 806 1615 835 quae
1631 799 1680 826 Dei
1694 801 1772 834 sunt,
1787 807 1849 827 non

1069 850 1135 878 quae
1149 851 1204 871 sua
1219 846 1295 872 sunt.
1309 845 1382 872 Nam
1396 844 1480 874 aliter
1493 853 1556 873 non
1573 848 1616 874 est
1629 853 1700 874 vera
1715 845 1846 881 dilectio,

1069 889 1125 916 nisi
1137 889 1204 925 plus
1219 890 1361 919 dilectum
1371 899 1464 928 quam
1472 892 1604 928 seipsum
1615 900 1719 921 amans
1732 892 1848 928 diligat.

1070 938 1133 972 lpse
1148 946 1233 966 amor
1246 938 1334 966 etiam
1345 938 1442 974 ipsam
1456 939 1607 975 quiescere
1621 947 1683 967 non
1697 939 1850 976 permittit,

1069 985 1125 1013 nisi
1138 985 1169 1012 in
1184 993 1220 1014 eo
1236 993 1326 1021 quem
1343 985 1450 1021 diligit,
1465 985 1536 1022 quia
1555 986 1629 1013 sieut
1642 986 1762 1022 pondus
1775 986 1850 1022 lapi·

1070 1032 1116 1060 dis
1138 1040 1200 1060 non
1220 1032 1361 1069 permittit
1384 1032 1481 1068 ipsum
1505 1033 1673 1069 quiescere,
1693 1033 1789 1061 donec
1811 1033 1850 1061 ad

1070 1081 1189 1112 terram,
1204 1087 1293 1106 suum
1304 1079 1406 1107 locum
1423 1079 1605 1114 naturalem,
1620 1079 1792 1116 perveniat3
1809 1079 1850 1108 sic

1070 1133 1124 1153 nee
1147 1133 1232 1153 amor
1246 1125 1406 1162 spiritualis
1418 1126 1561 1162 permittit
1573 1126 1605 1154 in
1621 1126 1697 1161 alio,
1714 1134 1805 1163 quam
1819 1126 1851 1154 in

1070 1173 1134 1200 solo
1151 1174 1222 1206 Deo,
1237 1172 1398 1209 quiescere,
1415 1172 1466 1208 qui
1482 1175 1525 1200 est
1539 1173 1676 1201 omnium
1695 1173 1852 1210 spirituum

1071 1219 1215 1247 terminus
1239 1218 1392 1251 naturalis,
1420 1219 1498 1247 ultra
1521 1227 1611 1255 quem
1638 1219 1713 1247 nihil
1736 1219 1852 1248 deside-

1070 1268 1160 1294 ratur.
1178 1267 1239 1294 Non
1255 1268 1370 1293 tantum
1387 1265 1522 1294 redditur
1537 1267 1595 1294 Deo
1609 1265 1693 1302 quod
1707 1274 1795 1294 suum
1809 1268 1853 1294 est

1071 1320 1125 1348 per
1138 1312 1284 1341 unitivam
1305 1313 1501 1348 sapientiam3
1518 1313 1570 1341 sed
1585 1316 1614 1340 et
1631 1313 1738 1341 animm
1751 1313 1851 1341 reddi-

1072 1363 1118 1388 tur
1138 1360 1222 1396 quod
1246 1367 1334 1388 suum
1357 1362 1410 1393 est,
1431 1359 1462 1387 in
1486 1367 1522 1387 eo
1544 1359 1627 1396 quod
1649 1367 1702 1396 per
1726 1359 1851 1395 gratiam

1071 1407 1220 1443 perficitur
1236 1407 1267 1434 in
1285 1414 1316 1434 se
1337 1406 1420 1442 ipsa;
1437 1407 1525 1442 quia,
1540 1406 1704 1447 secu‘ndum
1720 1406 1851 1434 Philoso-

1071 1455 1175 1490 phum,
1200 1464 1213 1479 a
1237 1454 1337 1482 anima
1356 1453 1508 1489 perficitur
1529 1453 1689 1481 virtutibus
1711 1455 1740 1481 et
1758 1453 1850 1481 scien-

1072 1501 1127 1529 tiis.
1152 1511 1164 1526 ι)
1190 1500 1279 1535 igitur
1300 1501 1369 1528 tunc
1387 1502 1430 1527 est
1450 1499 1493 1527 ibi
1512 1507 1630 1528 summa
1650 1500 1758 1528 animae
1783 1499 1850 1528 dili-

1072 1548 1166 1583 gentis
1180 1547 1337 1583 perfectio,
1357 1546 1480 1582 quando
1494 1546 1543 1574 ille
1559 1546 1611 1582 qui
1626 1549 1669 1574 est
1682 1546 1748 1574 sons
1762 1546 1850 1574 totius

1073 1594 1233 1631 sapientire,
1250 1595 1279 1621 ct
1292 1593 1389 1621 omnis
1403 1593 1547 1628 sapientia
1561 1593 1621 1620 sive
1635 1593 1757 1621 scientia
1771 1601 1851 1621 crea-

1073 1644 1116 1675 ta,
1137 1644 1197 1668 tam
1211 1640 1241 1667 in
1256 1639 1477 1676 superioribus,
1493 1647 1583 1675 quam
1598 1639 1629 1666 in
1650 1639 1851 1674 inferioribus,

1073 1688 1112 1715 ab
1141 1688 1206 1723 ipso
1235 1686 1401 1721 emanavit,
1429 1686 1618 1722 spiritualiter
1641 1693 1695 1722 per
1723 1685 1853 1722 seipsum

1074 1736 1203 1762 mentem
1215 1733 1379 1761 inhabitare
1390 1733 1537 1767 dignatur.
1552 1732 1631 1760 Unde
1641 1732 1752 1766 verius,
1763 1740 1854 1768 quam

1074 1781 1184 1817 aliquis
1205 1781 1236 1808 in
1257 1780 1325 1808 loeo
1347 1779 1492 1807 materiali
1511 1780 1623 1813 sedeat,
1645 1779 1758 1806 habitat
1779 1780 1854 1806 Deus

1075 1828 1105 1855 in
1119 1828 1219 1855 anima
1234 1827 1316 1863 ipsa,
1333 1835 1399 1862 quae
1414 1826 1510 1861 diligit
1525 1826 1622 1862 ipsum
1636 1834 1642 1853 :
1659 1828 1686 1853 et
1699 1826 1756 1853 boc
1771 1825 1855 1861 spiri-

1076 1874 1147 1902 tuali
1164 1874 1357 1907 habitatione,
1372 1876 1404 1900 ut
1419 1873 1532 1900 dictum
1548 1875 1604 1906 est,
1621 1873 1692 1908 quia
1707 1873 1768 1908 ipse
1783 1872 1853 1899 eha-

1075 1921 1144 1948 ritas
1159 1923 1199 1948 est
1212 1941 1220 1954 ,
1238 1923 1265 1947 et
1285 1922 1333 1955 qui
1357 1922 1395 1947 cst
1416 1922 1443 1947 in
1465 1921 1613 1953 charitate,
1629 1926 1695 1954 quae
1711 1921 1752 1946 est
1766 1927 1854 1946 verus

1076 1975 1172 1999 amor,
1186 1969 1215 1994 in
1228 1968 1281 1994 Deo
1293 1969 1393 2001 manet,
1409 1969 1434 1993 ec
1450 1968 1516 1993 Deus
1527 1967 1557 1992 in
1567 1974 1605 2000 eo,
1618 1968 1650 1992 ut
1665 1965 1694 1992 in
1708 1965 1855 1993 Canonica

1076 2013 1196 2041 Joannis
1211 2014 1220 2028 ¹*
1232 2013 1346 2047 legitur.
1363 2014 1416 2040 Per
1431 2012 1507 2039 hane
1530 2012 1620 2047 igitur
1639 2011 1773 2039 redditur
1787 2019 1855 2047 pro-

1076 2061 1157 2087 ximo
1178 2060 1258 2095 quod
1270 2068 1358 2087 suum
1373 2061 1433 2093 est,
1451 2061 1479 2086 et
1493 2059 1523 2086 in
1542 2059 1649 2086 eodem
1664 2066 1777 2092 amore,
1794 2066 1854 2094 quo

1078 2107 1211 2141 diligitur
1225 2109 1324 2141 pater,
1341 2105 1474 2140 diligitur
1490 2108 1515 2133 et
1535 2105 1623 2132 filius.
1644 2107 1685 2132 Ex
1704 2105 1761 2132 hoc
1776 2104 1855 2132 enim

1078 2153 1161 2188 quod
1181 2152 1281 2180 anima
1302 2160 1389 2179 suurn
1411 2153 1578 2179 Creatorem
1602 2151 1712 2186 diligit,
1735 2158 1856 2178 omnem

1080 2200 1167 2227 otiam
1182 2198 1358 2226 rationalem
1378 2200 1542 2225 creaturam
1557 2197 1669 2232 diligit,
1685 2205 1751 2233 quae
1766 2197 1856 2232 ipslus

1080 2245 1169 2272 Patris
1183 2245 1282 2272 aeterni
1304 2245 1346 2270 ost
1360 2243 1489 2278 imagine
1507 2243 1654 2278 insignita.
1671 2245 1711 2271 Ex
1728 2251 1763 2271 eo
1777 2243 1857 2270 enim

1080 2291 1163 2328 quod
1175 2293 1257 2318 Pater
1272 2290 1413 2324 diligitur,
1426 2298 1460 2317 ex
1475 2298 1510 2317 eo
1526 2290 1604 2317 venit
1616 2291 1731 2317 fervens
1746 2290 1857 2317 anima-

1079 2347 1146 2366 rum
1155 2338 1218 2364 sola
1229 2337 1360 2363 dilectio:
1373 2345 1409 2363 ex
1419 2344 1454 2363 eo
1464 2337 1542 2364 enim
1550 2336 1783 2372 multiplicantur
1793 2344 1857 2364 ora-

1081 2385 1174 2412 tiones
1188 2391 1242 2419 pro
1258 2383 1415 2410 animabus
1434 2383 1594 2418 deperditis
1613 2382 1785 2410 liberandis.
1807 2382 1856 2409 llle

1082 2432 1169 2458 etiam
1181 2430 1261 2457 idem
1277 2438 1360 2457 amor
1372 2430 1498 2464 gemitus
1510 2429 1695 2464 multiplicat,
1711 2431 1742 2456 ut
1751 2429 1857 2455 animae

1083 2479 1120 2506 ad
1137 2477 1292 2514 proprium
1307 2477 1473 2503 Creatorem
1487 2478 1670 2503 revertantur
1681 2496 1689 2508 ,
1704 2477 1735 2502 ut
1749 2475 1857 2502 scilicet

1083 2526 1206 2552 mortum
1220 2531 1272 2559 per
1285 2525 1449 2558 peccatum,
1465 2530 1518 2557 pcr
1531 2522 1622 2550 vitam
1637 2521 1735 2556 gratiae
1752 2521 1857 2548 divinae

1083 2571 1255 2599 suscitentur
1265 2591 1273 2604 ,
1298 2569 1371 2596 sicut
1394 2569 1533 2597 Jeremias
1556 2569 1663 2596 clamat
1674 2589 1683 2602 ,
1709 2567 1810 2595 dicens
1823 2568 1832 2583 ¹³
1848 2576 1854 2594 :

1116 2646 1124 2661 ¹
1141 2645 1221 2671 Ριου..
1243 2650 1267 2673 l,
1286 2644 1320 2667 17.
1333 2656 1363 2660 —
1378 2643 1460 2671 ²Iu1.,
1479 2649 1525 2672 LX,
1541 2644 1563 2666 8.
1582 2655 1608 2659 -—
1621 2642 1632 2658 3
1646 2642 1715 2672 Sap„
1732 2647 1776 2669 111,
1793 2643 1812 2664 1.
1826 2653 1856 2658 -

1086 2682 1091 2694 “
1112 2680 1179 2705 Psal.
1201 2685 1281 2708 Lxxll,
1302 2680 1340 2702 28.
1362 2691 1391 2696 —
1411 2679 1421 2695 ⁵
1442 2679 1448 2702 1
1469 2679 1550 2707 Ιοαιι.,
1570 2683 1604 2708 ιν,
1629 2678 1665 2701 16.
1679 2690 1708 2694 —-
1728 2678 1736 2690 *³
1753 2677 1855 2706 Jerem„

1085 2723 1121 2746 lx,
1138 2717 1159 2739 1.
