2004 3037
623 211 675 244 DE
695 207 839 243 TERTIO
862 204 1036 240 ITINERE.
1061 201 1159 235 DlST.
1184 201 1232 235 lV-
1255 194 1345 227 ΛΒΤ.
1371 193 1424 228 111.

223 293 283 324 que
303 292 340 314 ex
357 280 563 319 magnitudine
578 277 765 308 exultationis
781 285 788 304 :
812 276 846 304 ut
865 273 1001 311 semetip-

223 341 287 362 sam
302 330 425 360 omnino
439 335 502 358 non
515 326 622 364 capiat,
639 324 693 354 sed
706 331 797 361 supra
810 315 996 360 semefltaefun

224 380 339 409 elevata
358 377 390 405 in
411 373 621 404 alienationem
642 371 770 400 transeat
795 355 996 391 flagnstu‘lffle

225 424 392 455 devotionis
417 429 501 451 mens
523 427 614 457 supra
635 409 818 454 s0†⁶‘¹1‚³,⁵a,m
845 402 995 436 elevatum

225 472 348 510 quando
369 471 451 498 tanto
475 464 592 497 coelo⁷‘'⁶
617 447 756 477 de51dern
780 456 850 484 igne
872 456 996 477 succen-

249 519 254 525 .
427 511 479 531 ,...,
492 495 589 524 intimi
604 495 725 523 flamma
739 495 817 524 ultra
829 495 996 523 humanum

225 519 506 579 dltur'‚,}¹txeffi·cscat
514 563 524 578 ,
538 551 605 579 quoe
621 543 752 571 animam
766 543 940 579 humanam,
957 543 996 572 ad

221 565 295 621 {319AE
301 574 523 620 ¹similitudinem
536 590 739 626 liquefactam,
752 598 770 619 a
782 590 906 627 pristino
919 591 996 619 statu

215 639 333 676 penitus
346 638 492 672 resolvat,
509 638 537 665 et
553 637 593 666 ad
607 637 698 666 instar
711 637 785 665 fumi
803 638 995 672 attenuatam,

215 686 247 714 in
261 693 391 722 superna
405 685 509 718 elevet,
520 685 549 712 et
562 683 602 712 ad
615 692 733 712 summa
748 684 869 712 emittat.
885 683 996 720 Magni-

215 731 319 760 tudine
339 731 545 760 admirationis
566 731 666 759 anima
684 731 817 759 humana
839 739 930 767 supra
950 738 994 759 se-

215 779 372 815 metipsam
387 778 523 813 ducitur,
538 777 662 815 quando
677 777 780 806 divino
794 777 906 805 lumine
921 777 995 806 irra-

217 825 314 859 diata,
344 827 373 853 et
395 833 518 853 summae
541 823 770 861 pulchritudinis
798 824 994 852 admiratione

217 879 368 908 suspensa,
384 873 445 900 tam
459 871 626 900 vehementi
640 873 760 907 stupore
774 871 950 906 concutitur,
964 873 996 899 ut

217 926 234 946 a
248 926 302 946 suo
319 919 396 946 statu
413 918 547 946 funditus
565 917 768 953 concutiatur,
783 920 810 945 et
824 918 854 945 in
869 918 995 949 modum

215 964 341 1000 fulgoris
361 964 542 994 coruscantis
561 966 673 1000 quanto
691 963 871 1000 profundius
885 972 922 992 ex
943 964 996 992 de-

215 1012 318 1047 spectu
330 1012 377 1039 sui
394 1011 434 1039 ad
452 1011 514 1038 ima
533 1010 685 1046 dejicitur,
701 1012 782 1038 tanto
796 1011 954 1039 sublimius
968 1013 997 1039 et

215 1057 338 1086 celerius
364 1066 419 1094 per
442 1065 629 1086 summorum
652 1057 834 1086 desiderium
857 1058 996 1087 reverbe-

214 1106 293 1137 rata,
314 1106 342 1132 et
363 1112 453 1140 supra
473 1104 663 1140 semetipsam
680 1106 784 1140 rapta,
804 1104 835 1132 in
855 1105 996 1134 sublimia

215 1151 356 1179 elevatur.
373 1150 575 1187 Magnitudine
595 1159 666 1179 vero
691 1150 878 1179 exultationis
903 1154 931 1180 et
948 1152 996 1187 J'u-

215 1197 372 1226 cundttatis
387 1206 472 1226 mens
491 1198 625 1226 humana
640 1206 730 1234 supra
744 1199 934 1235 semetipsam
947 1207 995 1227 ra-

214 1245 304 1281 pitur,
329 1247 357 1273 et
385 1253 403 1273 a
426 1252 458 1273 se
485 1244 642 1280 alienatur,
667 1245 790 1281 quando
814 1245 918 1274 intima
943 1246 995 1275 illa

214 1294 328 1320 aeternae
342 1291 492 1320 suavitatis
505 1292 690 1321 abundantia
703 1294 816 1330 potata,
831 1293 892 1322 imo
907 1293 995 1330 plene

214 1338 361 1367 inebriata.
367 1359 376 1374 ,
394 1338 468 1376 quid
489 1339 541 1374 sit,
562 1339 636 1376 quid
656 1339 761 1375 fuerit,
784 1340 900 1376 penitus
915 1341 994 1369 obli-

215 1385 351 1420 viscitur,
376 1388 404 1414 et
425 1385 455 1414 in
481 1386 669 1414 aIIenationis
697 1395 852 1415 excessum
875 1388 995 1424 tripudii

215 1432 260 1459 sui
274 1432 425 1460 nimietate
441 1432 615 1467 traducitur,
630 1435 658 1461 et
673 1434 704 1461 in
718 1434 996 1470 supermundanum

216 1478 355 1506 affectum
370 1480 534 1515 quemdam
545 1480 600 1507 sub
611 1481 745 1516 quodam
755 1481 837 1509 mirae
851 1481 996 1509 felicitatis

216 1526 292 1554 statu
315 1526 423 1562 raptim
446 1526 683 1555 transformatur.
709 1537 723 1553 »
754 1527 787 1555 Hi
811 1530 880 1556 sunt
907 1528 996 1563 igitur

215 1572 326 1607 gradus
341 1574 599 1610 contemplationis
619 1574 783 1602 seeundum
803 1575 994 1604 Richardum.

482 1658 663 1683 ARTICULUS
686 1659 729 1683 111.

242 1714 279 1738 De
297 1713 418 1745 gradibus
435 1714 661 1745 contemplationis
678 1714 820 1739 secundum
838 1717 971 1740 auctorem

450 1750 482 1774 de
501 1750 596 1781 Spiritu
613 1752 639 1774 et
654 1750 756 1775 Anima.

252 1809 309 1837 Sed
332 1811 435 1838 auctor
453 1809 523 1837 libri
537 1809 570 1837 de
584 1810 694 1845 Spiritu
711 1813 737 1838 et
757 1810 873 1842 Anima,
897 1812 995 1839 consi-

217 1856 335 1891 derans,
354 1856 438 1892 quod
457 1857 546 1884 etiam
561 1857 716 1893 Dionysius
731 1857 811 1892 dicit,
827 1858 857 1885 in
872 1859 996 1895 epistola

218 1902 258 1930 ad
270 1902 382 1938 Titum,
399 1903 483 1939 quod
498 1903 590 1932 homo
606 1912 643 1932 ex
665 1904 782 1932 duabus
796 1905 908 1932 naturis
923 1914 995 1934 con-

218 1950 284 1983 stat,
296 1949 397 1977 anima
408 1949 519 1977 scilicet
532 1951 560 1978 et
571 1958 696 1986 corpore
712 1959 719 1978 :
735 1951 835 1979 anima
845 1952 995 1986 rationali,

219 2004 285 2032 quae
312 1995 438 2032 simplex
462 1998 504 2024 est
528 1996 559 2024 in
585 1997 729 2033 essentia;
758 1999 786 2024 et
810 2006 847 2025 ex
871 2007 996 2035 corpore

219 2042 384 2078 composito
400 2051 407 2070 ;
423 2044 455 2070 ut
471 2043 556 2078 juxta
569 2043 722 2079 utriusque
736 2045 848 2072 naturae
861 2046 996 2082 proprie-

218 2090 308 2117 tatem
330 2089 514 2117 illuminetur
531 2089 640 2117 divinis
660 2090 879 2125 cognitionibus
890 2101 899 2126 ,·
915 2094 943 2120 et
964 2093 997 2120 ut

218 2144 302 2164 mens
317 2136 381 2172 ejus
399 2144 490 2172 puras
509 2137 538 2165 et
555 2136 704 2173 simplices
723 2138 751 2165 et
769 2137 886 2166 intimas
906 2139 997 2167 sensi-

219 2183 326 2210 bilium
349 2183 504 2218 signorum
525 2183 749 2219 intelligentias,
778 2187 932 2220 segregata
956 2186 996 2214 ab

219 2229 290 2266 ipsis
311 2230 421 2265 signis,
437 2230 614 2266 conspiciat,·
630 2232 658 2259 et
677 2231 710 2258 ut
728 2232 901 2260 sensualitas
920 2232 996 2267 ejtis-

219 2276 289 2305 dem
302 2285 356 2313 per
370 2279 482 2305 naturae
499 2277 710 2314 proprietatem
724 2280 900 2314 cooperetur
913 2286 997 2307 men-

220 2324 270 2351 tali
285 2324 464 2359 cognitioni,
478 2325 511 2352 ut
524 2324 565 2352 sic
585 2324 624 2352 ad
643 2325 746 2353 divina
761 2326 952 2361 extendatur,
969 2328 998 2354 et

219 2370 288 2398 ideo
303 2371 334 2398 in
353 2370 600 2407 contemplatione
616 2373 733 2407 oportet
750 2372 792 2399 uti
807 2372 997 2400 sensibilibus

219 2416 338 2452 formis,
353 2417 385 2445 in
404 2417 513 2453 quibus
528 2418 629 2446 divina
645 2418 806 2447 invisibilia
822 2419 996 2453 immundis,

220 2463 252 2491 id
267 2466 319 2499 est,
331 2464 499 2492 carnalibus
509 2464 739 2498 abscondantur,
757 2467 786 2493 et
796 2466 998 2501 spiritualibus

220 2510 442 2539 manifestentur
457 2519 464 2539 ι
481 2511 550 2539 ideo
570 2513 673 2540 auctor
694 2513 852 2548 praedictus
866 2512 998 2549 primum

222 2557 349 2591 gradum
372 2558 553 2586 ascendendi
579 2558 611 2586 in
633 2560 724 2587 Deum
749 2559 820 2587 dicit
845 2561 853 2576 ¹
879 2567 941 2587 esse
965 2559 997 2589 in

255 2621 260 2635 ¹
279 2621 315 2644 De
332 2621 401 2652 Spir.
418 2623 442 2645 et
459 2621 555 2652 Ani-m„
576 2629 599 2646 c.
620 2627 656 2647 xl.
676 2636 706 2640 -
727 2623 735 2637 ²
757 2624 844 2653 Rern„
866 2624 891 2647 in
913 2623 997 2653 Cant„

223 2662 300 2682 serm.
312 2663 386 2689 xxm,
397 2659 454 2682 ante
465 2657 535 2682 med.
545 2670 576 2675 —
589 2658 600 2674 ⁸
609 2660 685 2690 Aug„
695 2658 726 2682 cle
741 2659 797 2683 Ver.
811 2659 873 2690 Bel„
885 2666 908 2684 c.
922 2665 994 2685 xmx.

1771 200 1831 232 429

1051 266 1193 289 sensuum
1216 262 1405 299 operatione,
1432 271 1486 300 per
1509 271 1601 300 quam
1625 265 1832 302 concipiuntur

1050 313 1099 335 res
1122 308 1311 344 corporales;
1337 310 1524 346 secundum,
1543 311 1574 339 in
1597 311 1829 350 imaginatione,

1050 361 1105 390 per
1125 362 1217 390 quam
1240 356 1447 393 concipiuntur
1470 357 1672 389 corporalium
1695 359 1831 389 similitu-

1051 400 1152 437 dines;
1178 402 1305 438 tertium,
1329 403 1359 431 in
1386 405 1511 439 ratione,
1534 413 1589 442 per
1616 414 1708 443 quam
1735 408 1830 445 perci-

1050 447 1172 484 piuntur
1192 457 1291 477 rerum
1313 451 1426 479 naturae
1449 451 1511 480 sive
1529 453 1674 490 rationes,
1691 457 1831 491 quartum

1051 493 1082 522 in
1102 494 1269 531 intellectu,
1292 505 1347 533 per
1368 505 1458 534 quem
1486 499 1690 536 percipiuntur
1712 502 1831 539 spiritus

1051 541 1140 569 creati
1149 550 1158 576 3
1175 542 1312 578 quintum
1327 544 1357 571 in
1372 544 1577 580 intelligentia,
1592 555 1645 583 per
1660 556 1751 584 quam
1765 557 1831 585 per-

1050 587 1156 624 cipitur
1170 589 1289 625 spiritus
1309 590 1473 627 increatus;
1489 594 1606 621 sextum
1624 594 1655 622 in
1675 595 1829 632 sapientia,

1049 643 1104 671 per
1118 643 1210 671 quam
1225 637 1355 672 aperitur
1373 638 1533 674 spiritualis
1551 642 1663 675 gustus.
1683 643 1714 670 Et
1729 644 1832 671 auctor

1049 682 1209 717 praedictus
1233 683 1318 724 addit
1343 684 1456 713 ibidem
1478 695 1485 713 :
1519 695 1532 712 «
1555 687 1707 724 Quidquid
1729 697 1832 718 sensus

1050 729 1191 765 percipit,
1213 730 1387 766 imaginatio
1408 735 1615 769 repraesentat,
1635 734 1710 764 ratio
1734 735 1832 764 inves-

1051 775 1132 811 tigat,
1148 776 1311 806 intellectus
1323 778 1448 814 judicat,
1465 781 1612 809 memoria
1626 784 1733 818 servat,
1748 783 1833 812 intel-

1050 821 1173 858 ligentia
1188 824 1429 861 comprehendit,
1445 828 1473 854 et
1490 827 1529 855 ad
1549 828 1832 865 contemplationem

1050 869 1191 906 adducit,
1222 871 1275 899 sed
1303 872 1447 908 sapientia
1482 876 1599 910 gustare
1626 875 1704 904 facit.
1735 887 1750 903 >›
1783 878 1831 906 Sc-

1050 916 1169 952 quitur:
1200 927 1213 943 «
1237 918 1282 946 Sic
1301 918 1335 946 fit
1357 927 1496 948 ascensus
1516 921 1555 950 ab
1574 921 1764 951 inferioribus
1793 924 1832 952 ad

1050 963 1215 1000 superiora,
1232 967 1260 993 et
1274 973 1291 993 a
1306 967 1429 995 summis
1445 968 1615 1004 dependent
1633 969 1704 998 ima.
1720 972 1832 998 Etcum

1051 1009 1089 1037 ab
1105 1010 1296 1040 inferioribus
1311 1013 1350 1040 ad
1363 1015 1527 1050 superiosa,
1540 1015 1571 1043 id
1584 1018 1626 1044 cst
1636 1024 1654 1044 a
1664 1017 1833 1053 temporali-

1050 1056 1108 1084 bus
1131 1057 1170 1085 ad
1189 1059 1299 1087 aeterna
1320 1060 1481 1089 ascendere
1502 1062 1662 1098 volumus,
1683 1063 1765 1099 prius
1784 1072 1832 1092 oc-

1051 1104 1140 1132 currit
1165 1104 1253 1133 nobis
1280 1114 1401 1142 sensus,
1430 1109 1574 1144 tanquam
1597 1111 1730 1146 primum
1757 1111 1829 1147 iter3

1051 1150 1159 1179 deinde
1185 1152 1360 1188 imaginatio
1369 1163 1379 1188 ‚·
1404 1156 1507 1190 postea
1534 1156 1626 1192 ratio,
1652 1157 1832 1193 intellectus,

1050 1197 1261 1234 intelligentia,
1283 1201 1311 1228 et
1333 1200 1364 1228 in
1386 1209 1504 1230 summo
1526 1205 1568 1231 est
1586 1204 1741 1240 sapientia.
1761 1215 1776 1232 ν
1800 1207 1833 1234 Et

1051 1245 1149 1273 statim
1160 1245 1263 1274 subdit
1274 1246 1466 1276 diffinitiones
1476 1249 1698 1286 praedictorum,
1713 1252 1830 1281 dicens:

1054 1293 1188 1320 «Sensus
1208 1295 1252 1321 est
1270 1301 1305 1322 ea
1319 1294 1364 1322 vis
1378 1294 1499 1332 animae,
1520 1305 1586 1332 quze
1607 1305 1707 1326 rerum
1727 1307 1832 1335 corpo-

1050 1347 1169 1367 rearum
1191 1348 1351 1377 corporeas
1372 1343 1497 1379 percipit
1519 1343 1630 1373 formas
1654 1348 1831 1383 praesentes,

1051 1394 1118 1422 quae
1150 1387 1242 1415 varice
1271 1389 1300 1416 et
1327 1389 1528 1426 multipliciter
1557 1392 1716 1421 ostendunt
1744 1402 1832 1422 suum

1051 1434 1228 1462 Creatorem.
1252 1445 1267 1461 »
1294 1436 1375 1464 Unde
1400 1438 1586 1473 Bernardus,
1603 1447 1684 1475 super
1705 1441 1832 1477 Cantica,

1053 1479 1123 1508 dicit
1138 1490 1145 1508 ε
1166 1490 1179 1507 «
1194 1481 1270 1515 Quid
1287 1484 1340 1517 est,
1354 1484 1437 1519 quod
1452 1484 1500 1512 hic
1516 1487 1559 1512 est
1574 1487 1654 1514 tanta
1668 1486 1833 1516 formarum

1051 1527 1188 1562 varietas,
1204 1531 1293 1565 atque
1309 1531 1506 1559 numerositas
1519 1533 1685 1568 specierum
1698 1535 1729 1562 in
1742 1535 1832 1563 rebus

1052 1575 1198 1612 conditis,
1216 1576 1273 1604 nisi
1297 1578 1421 1614 quidam
1444 1580 1521 1608 radii
1544 1581 1724 1617 divinitatiS,
1743 1591 1831 1611 mon-

1052 1623 1175 1650 strantes
1193 1624 1316 1659 quidem
1331 1627 1403 1662 quia
1415 1635 1485 1655 vere
1502 1630 1554 1663 est,
1569 1636 1586 1656 a
1602 1637 1661 1665 quo
1677 1631 1754 1664 sunt,
1770 1638 1832 1658 non

1052 1671 1152 1698 tamen
1166 1671 1241 1707 quid
1263 1671 1299 1700 sit
1318 1681 1441 1709 prorsus
1456 1674 1656 1704 diffinientes?
1674 1678 1774 1713 ltaque
1794 1678 1831 1706 de

1052 1716 1117 1752 ipso
1132 1725 1204 1745 vero
1220 1726 1325 1748 verum
1343 1720 1443 1755 vides,
1459 1721 1512 1749 sed
1526 1730 1588 1750 non
1603 1723 1702 1759 ipsum
1714 1733 1830 1753 verum.

1052 1764 1133 1792 Unde
1160 1764 1218 1793 hoc
1245 1773 1339 1801 genus
1366 1767 1489 1796 videndi
1513 1777 1672 1799 commune
1701 1774 1744 1799 est
1768 1782 1774 1799 :
1801 1772 1832 1800 in

1051 1813 1193 1847 promptu
1220 1813 1300 1840 enim
1329 1815 1391 1849 est,
1417 1815 1502 1850 juxta
1530 1818 1720 1854 Apostolum,
1750 1820 1830 1847 omni

1052 1858 1143 1886 utenti
1157 1859 1286 1895 ratIOne,
1302 1862 1455 1889 invisibilia
1470 1864 1521 1891 Dei
1537 1872 1587 1898 per
1608 1873 1656 1901 ea,
1677 1874 1737 1900 quoe
1757 1868 1832 1900 sacta

1051 1907 1125 1938 sunt,
1141 1907 1276 1934 intellecta
1291 1910 1451 1943 conspicere.
1473 1919 1487 1936 n
1504 1911 1568 1938 Haec
1587 1911 1647 1939 ille.
1665 1913 1697 1939 Et
1712 1912 1776 1940 hsec
1791 1916 1833 1941 est

1053 1959 1070 1980 a
1084 1953 1299 1988 temporalibus
1312 1955 1352 1982 ad
1368 1957 1477 1984 {eterna
1492 1957 1652 1993 ingressio,
1668 1958 1707 1987 ait
1721 1961 1832 1995 Augus-

1052 1998 1131 2026 tinus
1145 2000 1155 2016 ³
1165 2020 1175 2034 ,
1191 2001 1223 2027 de
1244 2001 1310 2028 Vera
1324 2003 1474 2036 Reliqz'one.

1088 2046 1255 2074 Secundum
1272 2047 1400 2082 gradum
1416 2049 1485 2077 dicit
1499 2058 1561 2078 esse
1576 2051 1830 2087 imaginationem.

1053 2093 1100 2120 Est
1114 2094 1213 2121 autem
1231 2093 1420 2130 imaginatio,
1437 2097 1603 2126 secundum
1624 2107 1708 2134 eum,
1733 2108 1768 2128 ea
1788 2101 1832 2129 vis

1053 2139 1159 2168 animae
1187 2148 1253 2176 quae
1275 2149 1375 2169 rerum
1401 2150 1614 2179 corporearum
1640 2145 1832 2183 incorporeas

1052 2186 1156 2222 recipit
1182 2186 1292 2216 formas
1313 2188 1499 2226 absentium,
1522 2193 1727 2229 praesentium,
1754 2203 1831 2230 pra}-

1052 2233 1207 2262 teritorum
1222 2236 1249 2262 et
1262 2235 1431 2264 futurorum
1441 2258 1450 2272 ,
1467 2239 1652 2275 quandoque
1667 2242 1699 2267 ut
1713 2241 1754 2268 sic
1768 2241 1833 2278 ipsa

1053 2279 1130 2308 inter
1146 2289 1267 2309 sensum
1286 2284 1314 2310 et
1336 2283 1482 2312 rationem
1494 2306 1502 2319 ,
1520 2286 1605 2321 quasi
1627 2287 1735 2315 ancilla
1758 2288 1832 2316 inter

1054 2326 1211 2355 dominum
1235 2330 1262 2356 et
1290 2337 1410 2358 servum
1437 2330 1601 2367 discurrat,
1630 2336 1657 2360 et
1683 2334 1831 2370 quidquid

1054 2374 1180 2402 exterius
1201 2374 1299 2403 haurit
1316 2384 1370 2412 per
1389 2385 1508 2406 sensum
1533 2379 1648 2414 carnis,
1673 2381 1831 2408 intellectui

1053 2424 1239 2456 repraesentet
1267 2422 1308 2449 ad
1337 2423 1517 2459 obsequium
1544 2426 1675 2454 rationis.
1707 2429 1751 2454 [Ξῖ
1775 2428 1832 2455 hcc

1054 2470 1186 2503 apparet,
1198 2469 1281 2504 quod
1293 2469 1466 2504 imaginatio
1482 2472 1644 2508 simplicior
1655 2475 1736 2501 estet
1749 2474 1832 2502 nobi-

1054 2513 1110 2541 lior
1133 2515 1271 2550 potentiis
1290 2517 1453 2552 sensit1vis,
1470 2526 1537 2545 cum
1557 2518 1621 2554 ipsa
1643 2519 1707 2547 sola
1730 2521 1832 2549 simili-

1054 2561 1171 2589 tudines
1197 2562 1382 2597 objectorum
1410 2564 1544 2592 omnium
1577 2573 1718 2594 sensuum
1745 2566 1776 2595 in
1802 2577 1832 2596 sc

1053 2608 1221 2643 recolligat,
1240 2610 1267 2636 ct
1283 2610 1381 2645 quoad
1400 2611 1513 2646 aliquid
1535 2612 1619 2647 quasi
1640 2612 1678 2640 ab
1694 2613 1832 2643 hocloco

1055 2656 1083 2683 et
1096 2654 1153 2683 hoc
1172 2658 1304 2691 tempore
1319 2657 1485 2692 abstrahat,
1507 2661 1538 2686 ut
1552 2661 1632 2694 patet
1646 2668 1699 2696 per
1714 2661 1833 2690 Richar-

1862 1314 1945 1334 Sensus

1868 1345 1929 1372 quid.

1848 2063 1954 2084 Imafflnffi

1847 2096 1876 2115 fio
1892 2095 1952 2121 quid.
