2004 3037
665 264 716 301 DE
738 264 1001 299 CORRUPTELA
1022 265 1199 299 PECCATl.
1223 267 1309 300 GAP.
1332 267 1397 301 XV.

222 341 272 363 na.
294 343 308 360 n
330 333 404 362 Gula
424 333 495 362 dicit
510 342 517 362 ε
543 342 558 360 α
571 333 616 362 Ad
632 333 690 361 hoc
704 334 746 361 est
760 340 869 370 corpus
884 332 958 361 cibis
973 335 1001 361 et

222 381 342 418 potibus
357 379 578 409 delicatioribus
590 379 793 415 nutriendum,
808 381 841 409 ut
852 379 889 408 sit
899 379 1001 408 fortius

222 428 263 456 ad
277 429 336 456 Deo
348 427 547 456 serviendum.
560 437 573 454 n
592 427 720 455 Luxuria
735 426 805 455 dicit
820 436 827 455 ;
843 437 856 453 «
871 427 916 455 Ad
929 428 1001 455 tem-

221 483 278 512 pus
293 474 382 503 debet
396 474 521 510 quisque
543 473 582 502 ad
601 473 719 502 libitum
732 473 846 509 vivere,
863 475 896 502 ut
908 474 1002 510 possit

221 523 324 558 postea
337 521 449 550 fortiter
463 520 615 557 poenitere.
636 531 650 548 n

257 569 373 604 Septem
400 567 471 596 vitia
504 569 715 604 comparantur
744 569 855 604 septem
887 568 999 596 bestiis.

221 614 365 652 Superbia
379 616 568 651 comparatur
584 615 664 642 leoni
675 624 684 650 3
700 614 823 648 invidia,
840 615 925 650 cani;
945 615 998 651 ira,

219 660 308 698 lupo3
321 661 436 695 acedia,
447 661 547 696 asino;
560 661 692 697 avaritia,
706 661 810 696 ericio;
823 661 902 697 gula,
913 670 999 698 urso3

219 707 347 742 luxuria,
358 716 461 744 porco.
478 708 541 736 Alio
556 708 648 736 modo
664 710 873 744 comparantur
887 711 999 745 septem

219 754 439 783 infirmitatibus
456 764 462 783 :
478 755 619 791 superbia
632 756 822 791 comparatur
837 755 997 791 inflationi3

218 802 341 837 invidia,
350 802 456 838 leprae,
469 803 523 836 ira,
534 802 672 838 phrenesi
682 812 689 836 ;
701 802 815 837 acedia,
829 802 980 838 lethargiae
989 812 998 838 ;

218 849 357 884 avaritia,
373 849 548 885 hydropisi;
574 849 655 884 gula,
679 849 826 885 epilepsiae
837 859 845 885 ς
869 850 998 885 luxuria,

218 896 304 924 febri.
329 896 444 932 Septem
465 895 536 924 vitIa
555 895 658 924 Christi
674 896 812 932 passione
835 899 974 924 curantur
991 907 997 925 :

219 942 321 978 capitis
346 942 497 970 inclinatio
523 942 553 970 in
581 951 666 970 cruce
696 944 778 970 curat
805 943 996 979 superbiam3

219 989 312 1018 oratio
327 997 383 1025 pro
396 989 533 1024 inimicis,
549 989 644 1024 iram;
661 990 773 1025 apertio
789 990 889 1017 lateris
899 1012 906 1025 ‚
921 990 997 1018 invi-

218 1036 318 1071 diam3
334 1035 462 1072 portatio
481 1035 591 1072 crucis,
607 1036 761 1071 acediam;
777 1036 897 1064 traditio
912 1037 997 1073 spiri-

217 1084 263 1111 tus
290 1082 385 1118 Patri,
414 1082 547 1118 corporis
575 1083 654 1110 cruci
665 1103 674 1117 ,
701 1083 803 1110 matris
830 1083 975 1119 discipulo
987 1106 996 1119 ,

216 1129 344 1158 vestium
368 1129 592 1158 crucifixoribus
602 1151 610 1164 ,
627 1129 689 1157 haec
705 1132 808 1157 curant
823 1130 994 1166 avaritiam,

216 1177 387 1213 flagellatio,
403 1176 566 1212 luxuriam3
582 1177 695 1213 potatio
705 1176 793 1212 fellis,
810 1177 922 1212 gulam.

454 1271 632 1305 CAPUT
669 1272 754 1306 XV.

502 1345 540 1371 De
566 1343 707 1379 Superbia.

252 1417 333 1443 Nunc
357 1413 519 1442 dicendum
537 1415 580 1441 est
594 1413 631 1441 de
646 1414 758 1450 septem
783 1414 860 1441 vitiis
884 1414 994 1450 capita-

216 1462 295 1491 libus
309 1461 341 1489 in
354 1461 451 1497 specie
461 1482 469 1495 ,
491 1462 519 1487 et
532 1460 630 1496 primo
644 1460 680 1487 de
697 1460 852 1496 superbia,
870 1469 936 1496 quae
953 1464 994 1489 est

215 1509 319 1545 regina
341 1507 476 1536 omnium
496 1507 636 1534 vitiorum
654 1508 681 1534 et
703 1509 806 1534 mater.
832 1509 879 1535 Est
894 1511 993 1536 autem

215 1555 407 1592 superbia‚ut
417 1554 644 1589 aitAugustinus
659 1554 678 1588 ¹,
693 1564 705 1579 «
716 1562 862 1590 perversae
878 1555 993 1583 celsitu-

216 1603 293 1631 dinis
313 1601 496 1638 appetitus.»
514 1601 606 1636 Unde,
624 1600 698 1628 sicut
712 1601 794 1628 idem
814 1602 993 1636 Augustinus

215 1650 293 1684 ait2,
313 1648 454 1685 superbia
474 1648 613 1676 omnibus
632 1647 761 1682 invidet,
779 1648 888 1676 scilicet
907 1657 993 1685 supe-

214 1696 362 1730 rioribus,
381 1696 452 1732 quia
475 1695 515 1723 eis
537 1703 598 1722 non
617 1697 768 1731 aequatur;
785 1695 991 1732 inferioribus,

213 1742 286 1780 quia
297 1743 338 1771 eis
347 1742 458 1778 aequari
468 1742 563 1769 timet:
575 1742 706 1777 paribus,
716 1742 787 1778 quia
795 1742 835 1769 eis
845 1746 990 1779 aequatur,

250 1790 394 1826 Superbia
408 1789 514 1817 dicitur
523 1789 640 1816 initium
653 1789 746 1816 onmis
759 1790 870 1825 peccati
886 1791 992 1826 triplici

214 1838 337 1865 ratione.
355 1836 468 1871 Primo,
489 1838 610 1872 propter
625 1844 744 1864 causam
762 1845 829 1872 quae
845 1837 993 1865 invenitur

214 1884 245 1912 in
260 1885 341 1912 omni
356 1885 497 1919 peccato:
521 1883 592 1919 quia
613 1883 644 1910 in
664 1883 746 1911 omni
764 1886 886 1919 peccato
908 1884 992 1912 inve-

213 1931 292 1959 nitur
311 1933 494 1966 contemptus
514 1930 575 1964 Dei,
599 1930 650 1966 qui
674 1932 716 1958 est
739 1931 877 1966 qufedam
903 1939 992 1960 causa

213 1977 335 2013 peccati.
357 1979 411 2005 Iste
434 1978 532 2004 autem
555 1978 740 2012 contemptus
769 1979 811 2004 est
834 1978 949 2005 aversio
974 1987 991 2006 a

213 2024 365 2057 Creatore,
383 2031 449 2058 quae
468 2023 500 2050 in
519 2023 601 2050 omni
625 2026 747 2058 peccato
767 2026 824 2058 est,
841 2025 894 2052 ubi
915 2034 990 2061 pree-

213 2070 334 2106 ponitur
351 2070 466 2097 bonum
491 2069 702 2097 commutabile
722 2070 804 2098 bono
824 2071 990 2099 incommu-

213 2116 315 2145 tabili:
338 2116 409 2152 quia
433 2115 594 2143 sicut'sine
618 2116 757 2144 charitate
784 2117 847 2143 ali-<e
870 2118 990 2145 virtutes

213 2163 286 2192 nihil
308 2164 392 2198 sunt,
416 2163 457 2190 ita
479 2162 541 2190 siue
563 2163 703 2198 superbia
731 2162 789 2191 alia
811 2163 882 2191 vitia
905 2164 987 2193 nihil.

213 2210 354 2239 Abstrahe
373 2209 554 2245 superbiam,
570 2211 596 2236 et
609 2209 735 2237 habebis
748 2210 882 2245 gratiam,
900 2212 990 2247 quia3

212 2257 332 2292 superbis
352 2258 423 2283 Deus
443 2258 563 2290 resistit,
587 2256 731 2283 humilibus
755 2261 844 2284 aiieem
865 2258 913 2285 dat
927 2267 990 2293 gyra-

213 2305 289 2331 tiam.
319 2304 491 2331 Convexum
525 2301 620 2337 enim,
651 2302 680 2329 in
710 2306 854 2339 quantum
888 2304 989 2339 hujus-

213 2350 315 2384 modi,
343 2357 405 2378 non
433 2351 475 2377 est
502 2349 703 2385 receptivum3
733 2350 785 2377 sed
814 2359 987 2379 concavum.

214 2396 370 2430 Secundo,
398 2396 469 2432 quia
495 2396 627 2432 primum
652 2399 807 2432 peccatum
830 2398 906 2426 suit:
933 2400 989 2427 hoc

215 2443 293 2471 enim
308 2451 415 2478 genere
429 2443 561 2479 peccavit
581 2443 719 2471 diabolus
733 2444 763 2472 in
779 2445 854 2472 coelo
865 2466 874 2479 ,
890 2447 917 2473 et
930 2447 990 2481 pri-

214 2497 280 2517 mus
295 2490 387 2517 homo
402 2490 432 2517 in
447 2489 595 2525 paradiso.
612 2490 721 2525 Tertio,
735 2491 806 2526 quia
824 2500 859 2519 ex
874 2500 908 2519 ea
922 2501 990 2520 nas-

216 2538 320 2563 cuntur
339 2536 398 2564 alia
412 2536 483 2564 vitia
504 2536 668 2563 secundum
687 2537 769 2572 prius
784 2540 811 2565 et
831 2539 988 2574 posterius,

215 2581 272 2610 hoc
295 2583 337 2610 est
357 2582 485 2610 mediate
507 2585 534 2610 et
557 2582 746 2618 immediate,
769 2584 840 2613 sicut
865 2586 991 2615 habetur

250 2655 258 2670 ¹
271 2655 346 2686 Aug„
362 2655 391 2679 dc
407 2656 483 2680 civit.
500 2656 561 2687 Dei,
576 2657 620 2681 lib.
635 2658 701 2688 XIV,
719 2666 741 2682 c.
759 2665 857 2683 xit1.·-
874 2660 882 2674 ²
899 2660 945 2689 td„
962 2660 991 2684 [le

219 2690 278 2714 Gen.
290 2690 391 2720 adlitt..
402 2691 445 2716 lib.
458 2693 500 2722 Χῖ,
513 2700 535 2717 c.
544 2699 635 2717 x111.—
646 2693 723 2725 Hac„
737 2701 772 2725 1v,
782 2697 835 2719 6,-
846 2696 914 2720 ⁶Vid.
923 2703 990 2726 sup„

216 2733 239 2750 c.
253 2732 300 2758 vu,
311 2733 368 2758 pag.
383 2728 435 2758 127,
448 2728 496 2752 col.
508 2729 564 2753 2.-
575 2729 603 2753 ⁵1
616 2729 688 2759 Tim,
702 2736 736 2760 VJ,
754 2733 790 2756 10.
805 2744 831 2749 -
848 2732 856 2746 ⁶
868 2732 990 2762 Cassian,

1779 273 1839 303 135

1055 334 1185 370 suprab,
1207 334 1302 371 capite
1324 337 1362 364 De
1381 336 1478 371 effectu
1503 338 1644 365 vitiorum.
1669 338 1717 366 Est
1738 339 1839 367 autem

1055 380 1131 409 inter
1145 382 1317 418 superbiam
1339 383 1368 410 et
1386 390 1496 411 vanam
1511 383 1638 419 gloriam
1654 384 1821 415 differentia
1827 407 1836 422 ,

1056 428 1127 464 quia
1141 428 1208 457 licet
1222 429 1381 466 utrobique
1395 430 1431 458 sit
1442 430 1588 467 appetitus
1600 432 1729 468 propriae
1744 433 1839 462 excel-

1055 475 1161 511 lentiae,
1186 478 1284 505 tamen
1307 476 1454 513 superbus
1476 477 1533 504 sibi
1559 481 1682 514 apparet
1709 487 1838 515 magnus

1055 523 1148 558 intus,
1171 523 1224 551 sed
1244 523 1429 558 vaniglorius
1449 524 1561 560 appetit
1583 524 1615 552 in
1636 533 1688 554 ore
1709 526 1838 555 aliorum

1054 578 1108 605 per
1122 570 1244 598 laudem
1258 578 1402 606 apparere
1418 572 1510 599 extra.

1093 618 1212 646 Diversa
1237 620 1359 655 peccata
1381 618 1520 646 dicuntur
1542 619 1659 647 radices
1683 621 1711 648 et
1733 620 1837 655 initia,

1055 665 1116 693 sive
1138 673 1233 693 causae
1252 665 1382 693 aliorum
1405 667 1616 702 peccatorum,
1641 666 1694 695 sed
1714 667 1838 696 diversis

1054 713 1245 748 respectibus.
1266 712 1410 748 Superbia
1425 713 1504 740 enim
1519 712 1626 741 dicitur
1640 713 1757 742 initium
1772 722 1837 743 om-

1053 759 1099 787 nis
1113 759 1226 796 peccati
1238 761 1360 796 propter
1375 762 1433 788 tres
1448 767 1552 788 causas
1566 760 1702 796 superius
1717 769 1837 790 enarra-

1053 808 1106 834 tas.
1123 807 1227 834 Libido
1249 807 1338 834 etiam
1352 806 1459 834 dicitur
1479 814 1568 834 causa
1586 807 1684 835 omnis
1701 807 1815 844 peccati
1826 828 1836 843 ,

1054 854 1127 882 sicut
1142 854 1180 882 ait
1195 854 1374 889 Augustinus
1386 876 1394 890 ,
1411 857 1439 882 et
1451 855 1510 882 boc
1527 856 1650 891 propter
1664 855 1837 884 delectatio-

1053 908 1122 928 nem
1143 904 1282 929 crcaturae
1294 923 1303 936 ,
1328 910 1394 937 quse
1418 901 1585 929 inordinate
1600 902 1690 930 trahit
1704 903 1836 931 animam

1054 949 1082 975 et
1099 948 1203 975 avertit
1217 957 1234 976 a.
1248 957 1366 976 summo
1388 949 1481 976 bono.
1504 950 1552 976 Est
1572 949 1652 977 enim
1671 949 1767 977 libido
1782 950 1836 978 im-

1052 995 1150 1030 proba
1163 995 1300 1031 voluptas
1311 1017 1319 1029 ,
1340 1003 1401 1031 qua
1415 998 1553 1023 movetur
1567 996 1668 1024 anima
1682 997 1835 1025 rationalis

1053 1041 1092 1068 ad
1106 1042 1163 1069 hoc
1185 1042 1268 1077 quod
1291 1042 1452 1070 delectetur
1466 1042 1497 1069 in
1517 1044 1662 1070 creatura.
1689 1044 1834 1079 Cupiditas

1052 1089 1141 1116 etiam
1165 1088 1272 1116 dicitur
1282 1089 1291 1104 ⁵
1317 1089 1401 1116 radim
1426 1091 1545 1116 omnium
1570 1091 1702 1117 malorum
1717 1098 1727 1118 .·
1754 1099 1835 1126 quam

1052 1136 1164 1170 quz'dam
1184 1138 1339 1171 appetentes
1360 1138 1517 1163 erraverunt
1538 1144 1555 1164 α
1573 1136 1643 1171 fide,
1666 1137 1741 1164 sicut
1764 1137 1835 1166 dicit

1051 1182 1209 1217 Apostolus
1224 1191 1230 1209 ε
1251 1184 1279 1209 et
1296 1182 1354 1209 hoc
1374 1184 1496 1218 propter
1515 1183 1651 1210 eamdem
1665 1183 1832 1220 rationem,

1051 1229 1126 1256 sicut
1138 1228 1234 1256 libido
1248 1238 1254 1256 z
1272 1230 1314 1256 est
1328 1229 1408 1256 enim
1424 1229 1569 1264 cupiditas
1583 1237 1619 1257 ex
1633 1237 1735 1258 amore
1750 1230 1833 1259 inor-

1052 1276 1153 1303 dinato
1166 1276 1205 1303 ad
1217 1277 1394 1303 creaturam.
1410 1276 1538 1304 Luxuria
1554 1276 1653 1311 etiam,
1668 1277 1834 1306 secundum

1051 1322 1223 1350 Cassianum
1233 1323 1253 1357 ⁶,
1278 1322 1385 1350 dicitur
1399 1322 1485 1350 radix
1500 1323 1598 1350 omnis
1613 1324 1725 1359 peccati
1735 1345 1744 1359 ,
1762 1324 1834 1360 quia

1051 1369 1184 1397 carnales
1198 1369 1407 1397 delectationes
1421 1369 1509 1397 nobis
1524 1371 1592 1397 sunt
1607 1371 1757 1398 naturales
1766 1381 1775 1406 ;
1791 1371 1832 1399 ad

1050 1416 1198 1444 naturalia
1219 1417 1318 1443 autem
1337 1416 1468 1452 prompti
1484 1424 1603 1451 sumus,
1625 1419 1653 1444 et
1672 1417 1831 1446 difficulter

1049 1463 1220 1491 resistimus.

1087 1510 1183 1537 inanis
1211 1509 1312 1544 gloriae
1337 1511 1449 1545 septem
1474 1511 1542 1538 sunt
1566 1510 1635 1538 filiae
1662 1511 1829 1540 secundum

1049 1556 1222 1591 Gregorium
1232 1557 1251 1583 ⁷.
1269 1556 1365 1583 Prima
1381 1558 1423 1583 est
1437 1556 1655 1592 inobedientia,
1672 1566 1732 1593 qua
1745 1558 1829 1586 vani·

1049 1603 1161 1638 glorius
1175 1603 1206 1630 in
1220 1603 1304 1630 nullo
1320 1602 1384 1630 vult
1401 1603 1496 1630 videri
1516 1603 1658 1632 inferior:
1676 1605 1760 1640 quod
1774 1605 1828 1633 fie-

1048 1653 1111 1685 ret,
1128 1650 1151 1677 si
1165 1650 1273 1677 faceret
1291 1650 1477 1677 mandatum.
1500 1651 1637 1679 Secunda
1651 1653 1694 1679 est
1707 1653 1829 1680 conten-

1049 1697 1089 1725 tio
1100 1718 1109 1731 ,
1125 1697 1195 1733 quia
1209 1696 1274 1724 vult
1287 1697 1404 1724 vincere
1420 1705 1488 1724 cum
1501 1697 1646 1732 clamore,
1663 1700 1691 1726 et
1703 1707 1757 1734 per
1770 1699 1828 1728 hoc

1048 1752 1202 1780 apparere.
1215 1743 1309 1771 Tertia
1324 1746 1366 1770 est
1378 1744 1535 1778 jactantia,
1550 1753 1611 1780 qua
1627 1745 1694 1781 quis
1708 1754 1827 1774 enume-

1048 1793 1093 1819 rat
1104 1791 1185 1818 bona
1195 1799 1248 1817 sua
1258 1812 1266 1824 ,
1281 1793 1313 1818 ut
1325 1790 1486 1818 laudabilis
1497 1794 1648 1827 appareat.
1665 1793 1774 1825 Quarta
1786 1795 1828 1822 est

1047 1837 1232 1874 hypocrisis,
1255 1845 1321 1872 quae
1344 1838 1447 1872 quaerit
1465 1838 1496 1865 in
1520 1839 1715 1866 exterioribus
1734 1848 1827 1876 appa-

1047 1893 1122 1912 rere.
1143 1884 1248 1918 Quinta
1262 1886 1304 1911 est
1318 1884 1480 1920 pertinacia
1491 1906 1498 1919 ,
1516 1893 1581 1921 quae
1596 1885 1707 1913 factum
1719 1894 1826 1921 suum,

1049 1931 1095 1958 vel
1111 1931 1242 1964 dictum,
1257 1930 1372 1958 malum
1389 1931 1530 1965 defendit,
1546 1940 1583 1959 ne
1599 1940 1711 1960 errasse
1727 1933 1826 1961 videa-

1047 1980 1103 2005 tur.
1120 1979 1206 2005 Sexta
1221 1980 1262 2006 est
1278 1978 1428 2005 discordia
1439 1998 1448 2012 ,
1465 1987 1532 2014 quaa
1549 1981 1650 2007 contra
1665 1988 1754 2008 omne
1767 1980 1826 2008 dic-

1047 2027 1110 2053 tum
1128 2025 1249 2052 sustinet
1267 2025 1315 2051 vel
1337 2025 1459 2052 assumit
1481 2026 1662 2053 contrarium
1674 2047 1681 2059 ‚
1704 2028 1825 2062 propter

1047 2080 1156 2099 vanam
1181 2071 1317 2106 gloriam.
1343 2071 1471 2106 Septima
1495 2073 1537 2098 est
1560 2072 1726 2100 novitatum
1747 2080 1824 2108 praa-

1047 2119 1187 2154 sumptio,
1203 2126 1263 2153 qua
1278 2118 1344 2153 quis
1358 2126 1438 2145 nova
1448 2139 1457 2152 ‚
1473 2118 1521 2145 vel
1536 2118 1623 2154 dicit,
1639 2119 1688 2146 vel
1701 2119 1823 2154 invenit,

1046 2167 1077 2192 ut
1091 2165 1237 2192 laudetur.

1082 2213 1213 2245 Quatuor
1227 2212 1294 2238 sunt
1305 2210 1417 2246 species
1432 2211 1588 2247 superbiae,
1605 2220 1680 2248 quas
1695 2213 1825 2249 assignat

1046 2258 1202 2293 Gregorius
1213 2258 1233 2284 8.
1253 2258 1348 2285 Prima
1363 2260 1423 2292 est,
1438 2267 1507 2286 cum
1522 2258 1614 2287 homo
1629 2267 1645 2287 a
1661 2260 1758 2295 seipso
1772 2269 1824 2288 aes-

1046 2305 1129 2332 timat
1143 2305 1253 2332 habere
1274 2305 1388 2332 bonum
1410 2305 1493 2341 quod
1507 2305 1606 2333 habet.
1629 2306 1783 2342 Secunda,
1800 2308 1824 2335 si

1047 2352 1174 2388 desuper
1193 2352 1295 2380 datum
1315 2353 1424 2387 credit,
1445 2361 1500 2388 pro
1521 2353 1580 2380 suis
1600 2355 1700 2382 tamen
1714 2356 1824 2383 meritis

1047 2400 1192 2435 accepisse
1208 2408 1238 2426 se
1254 2401 1344 2435 putat.
1361 2399 1465 2434 Tertia,
1483 2408 1551 2427 cum
1563 2401 1654 2436 jactat
1668 2410 1698 2429 se
1713 2402 1823 2430 habere

1046 2446 1176 2481 bonum,
1193 2447 1276 2482 quod
1290 2455 1352 2474 non
1366 2447 1465 2474 habet.
1482 2448 1604 2482 Quarta,
1620 2449 1753 2484 quando,
1770 2445 1833 2477 caess

1046 2493 1113 2520 teris
1129 2494 1283 2529 despectis,
1300 2493 1487 2528 singulariter
1502 2495 1565 2522 vult
1578 2495 1683 2523 videri.
1700 2498 1752 2523 Per
1764 2496 1823 2532 pri-

1047 2548 1128 2568 mam
1143 2542 1171 2568 et
1184 2540 1346 2567 secundam
1359 2540 1487 2576 speciem
1498 2541 1654 2576 injuriatur
1665 2542 1755 2570 homo
1766 2544 1823 2571 Deo

1047 2588 1078 2615 in
1093 2596 1143 2622 se,
1164 2588 1235 2623 quia
1250 2596 1303 2623 per
1324 2587 1453 2623 primam
1472 2589 1556 2624 ponit
1574 2597 1605 2616 se
1626 2589 1717 2618 homo
1733 2592 1826 2618 totam

1047 2661 1076 2684 cle
1097 2662 1179 2685 Iussit.
1201 2662 1306 2691 Coenob.,
1327 2662 1368 2686 iib.
1390 2663 1444 2692 Vll,
1461 2670 1483 2686 c.
1501 2668 1528 2687 11.
1546 2676 1577 2680 —
1595 2664 1606 2680 ⁷
1621 2664 1707 2696 Greg.,
1722 2664 1826 2697 Moral.‚

1047 2696 1091 2720 lib.
1107 2698 1195 2728 xxm,
1216 2705 1237 2721 c.
1255 2704 1317 2722 xvu.
1331 2711 1360 2716 -
1383 2698 1392 2712 ⁸
1416 2698 1489 2728 ibid„
1508 2698 1550 2722 lib.
1573 2699 1662 2731 xxm,
1684 2707 1706 2724 c.
1723 2706 1758 2731 IV,
1773 2707 1826 2725 non

1047 2731 1123 2763 longe
1139 2740 1154 2756 a
1168 2732 1249 2763 princ.
