2004 3037
70 740 172 768 Triplici!

78 778 160 799 anago-

64 803 106 829 gis!
131 809 170 824 ex-

64 834 150 860 positio.

187 245 226 275 ¹0

185 310 280 339 verba
306 308 339 337 in
366 309 449 336 Novo
477 308 505 335 et
531 305 626 334 Veteri
652 305 837 334 'testamento
854 325 865 339 ,
888 305 963 341 quot

185 357 326 385 ereaturae
345 355 378 383 in
391 352 516 388 mundo,
531 353 574 381 tot
598 351 708 381 haheat
732 351 833 380 anima
855 350 962 379 intelli-

185 403 298 439 gentias
308 423 318 437 ,
337 401 386 429 vel
413 407 564 428 sermones
579 420 589 435 ,
613 401 708 428 totum
735 398 775 426 ad
803 399 895 426 Deum
922 396 962 425 ad

184 451 327 486 punctum
350 446 460 475 amoris
484 446 585 475 omnia
605 445 782 480 referendo,
803 446 836 472 ut
858 446 962 481 postea

185 494 348 532 apparebit.
364 493 458 522 Tertia
481 495 598 528 autem,
619 491 728 520 scilicet
747 491 878 526 unitiva,
902 499 961 518 res—

184 543 296 580 pondet
310 541 475 578 Seraphim,
491 541 542 577 qui
558 540 765 576 interpretatur
780 540 879 567 ardens
896 547 903 565 ε
919 537 960 565 ibi

185 589 265 618 enim
281 589 312 617 in
327 590 408 617 tanto
425 588 532 616 ardore
546 586 638 615 fertur
651 586 752 614 anima
765 585 796 613 in
813 586 914 618 Deum,
930 586 963 613 ut

185 637 314 664 maxime
334 644 443 672 corpus
457 643 511 671 per
526 633 729 662 extensionem
750 632 910 660 affectuum
935 632 962 659 et

185 685 321 711 motuum
337 682 520 719 quandoque
533 680 708 709 mirabiliter
722 679 881 715 affligatur.

221 730 379 758 Sciendum
395 731 437 757 est
450 728 549 764 igitur,
565 727 650 764 quod
672 726 778 762 triplex
793 727 836 753 est
849 732 962 760 anago-

187 777 235 812 gia
249 787 255 805 :
273 784 333 805 una
347 785 413 812 quae
427 777 470 804 est
484 775 521 803 de
536 776 594 803 Deo
613 774 644 802 in
662 781 693 801 se
703 795 711 807 ‚
725 774 758 800 ut
777 774 889 800 mentes
903 780 962 800 coe-

186 823 272 851 lestes
283 823 456 851 beatificans
468 822 499 850 in
513 821 620 857 gloria,
637 822 668 848 ut
682 819 789 848 dicitur
804 819 841 847 de
857 818 960 853 David,

186 870 237 906 qui
252 871 314 898 erat
329 869 453 906 quidam
468 869 571 903 homo,
585 867 624 896 ad
637 867 774 901 litteram,
789 866 840 902 qui
856 865 944 893 dicitu
951 873 963 892 ι·

186 916 315 952 optimus
342 917 567 952 propugnator,
592 916 619 943 et
642 913 794 942 moraliter
816 912 963 948 significat

185 962 332 997 animam,
351 971 417 998 quae
436 962 476 990 ita
494 962 583 989 debet
601 960 724 988 viriliter
745 967 879 996 pugnare
895 966 963 986 con-

185 1011 229 1037 tra
244 1009 416 1043 diabolum,
433 1011 534 1037 contra
550 1008 647 1045 ipsum
664 1007 751 1035 etiam
767 1005 961 1041 insurgendo,

185 1057 213 1083 et
237 1055 421 1091 spernendo,
441 1063 479 1083 ne
504 1055 630 1091 seipsam
653 1053 803 1090 permittat
826 1054 888 1080 tam
910 1052 963 1080 vili

186 1102 309 1130 domino
318 1101 469 1137 subjugari
480 1102 527 1137 (a),
535 1103 587 1128 eta
597 1099 769 1128 dulcissimo
777 1101 844 1128 Jesu
850 1099 963 1126 Christo

185 1148 215 1176 in
243 1151 419 1185 perpetuum
444 1147 585 1184 separari.
618 1146 709 1174 ttavid
739 1146 827 1173 etiam
857 1145 964 1172 dicitur

186 1196 300 1224 Goliam
326 1195 520 1231 percussisse,
542 1195 663 1230 signans
687 1193 845 1228 allegorice
869 1193 964 1220 Domi-

186 1252 258 1271 num
274 1245 372 1271 Jesum
387 1243 531 1282 Christum
541 1264 549 1276 ,
565 1242 616 1278 qui
632 1241 787 1268 diabolum
802 1240 962 1276 superavit,

187 1298 291 1326 pacem
305 1290 419 1326 populo
432 1298 486 1317 suo
501 1288 672 1325 nequirem,
683 1289 737 1315 etc.
755 1287 862 1314 Dicitur
875 1287 963 1314 etiam

188 1336 280 1364 David
295 1336 303 1353 ¹
316 1337 426 1372 pulcher
441 1338 567 1371 aspectu,
583 1334 819 1363 inaestimabilem
836 1333 964 1370 pulchri-

188 1383 320 1411 tudinem
337 1383 444 1411 divinae
465 1382 634 1410 substantiae
657 1381 843 1416 significans,
859 1381 889 1407 in
905 1388 965 1407 suae

187 1429 414 1466 pulchritudinis
428 1429 541 1457 visione
554 1451 562 1464 ,
583 1428 682 1456 laetitia
706 1427 850 1455 indicibili
875 1426 965 1454 retifi-

188 1477 279 1505 cantis
291 1498 300 1511 ‚
315 1477 345 1504 in
366 1476 467 1513 requie
489 1475 680 1504 beatitudinis
694 1476 809 1502 aeternae
819 1495 828 1508 ,
845 1481 965 1501 omnem

188 1526 316 1551 mentem
349 1523 515 1558 angelicam
548 1524 576 1550 et
609 1522 784 1550 humanam.
820 1520 902 1548 Unde
935 1519 965 1547 in

187 1571 288 1598 Joanne
303 1569 445 1597 dicitur2:
464 1571 524 1597 Haec
543 1572 581 1597 est
596 1571 655 1596 vita
674 1570 774 1595 oeterna
785 1589 794 1601 ,
811 1570 840 1594 ut
857 1575 966 1601 coquos-

188 1619 249 1644 canc
265 1621 289 1644 te
303 1618 389 1644 solum
406 1618 487 1643 Deum
499 1624 608 1649 verum,
623 1618 648 1643 et
664 1623 741 1650 quem
757 1616 859 1641 misisti
875 1615 966 1641 Jesum

190 1665 334 1691 Christum.
352 1665 383 1690 Et
403 1663 464 1690 hmo
486 1665 528 1690 est
553 1662 717 1696 anagogica
741 1660 904 1696 expositio,
921 1667 966 1687 se-

189 1710 320 1738 cundum
331 1709 415 1745 quod
428 1711 518 1736 Deum
532 1708 749 1736 beatificantem
762 1707 888 1742 respicit.
904 1706 967 1734 Alia

189 1759 231 1784 est
254 1756 402 1791 anagogia
417 1777 426 1790 ,
451 1764 518 1791 quaa
544 1755 661 1790 respicit
687 1754 845 1781 Ecclesiam
868 1754 967 1780 trium-

189 1803 330 1839 phantem
341 1823 349 1837 ,
370 1802 400 1829 in
426 1804 570 1838 quantum
596 1801 625 1829 in
651 1801 753 1837 sponsi
779 1800 967 1836 amplexibus

190 1849 315 1877 totaliter
336 1848 558 1876 inavertibiliter
582 1849 764 1884 perseverat,
781 1850 811 1874 ut
834 1847 967 1874 Hierusa-

190 1895 249 1923 lem
263 1895 301 1923 ad
319 1895 446 1922 litteram
464 1895 602 1931 quaedam
621 1895 726 1922 dicitur
741 1894 851 1921 civitas.
870 1893 968 1920 llicru-

191 1943 284 1970 salem
298 1942 377 1969 enim
393 1942 493 1969 civitas
508 1942 618 1977 optime
634 1941 746 1968 munita
761 1943 787 1967 ct
804 1939 968 1967 fortissimis

192 1989 284 2016 muris
306 1988 486 2016 circumdata
507 1988 660 2015 dicebatur
680 1997 686 2014 ε
704 1990 732 2014 et
757 1987 902 2021 significat
923 1986 966 2021 ip-

192 2044 255 2063 sam
284 2035 405 2062 fidelem
429 2035 560 2062 animam
584 2034 760 2067 mortalem,
786 2041 852 2069 quze
880 2031 969 2059 dehet

192 2082 312 2110 interius
327 2081 435 2109 muniri
452 2081 541 2108 armis
556 2081 696 2108 virtutum
707 2101 715 2114 ,
730 2080 830 2115 gratim
844 2081 872 2106 et
887 2086 969 2106 amo-

193 2129 232 2156 ris
244 2149 251 2162 ‚
268 2129 329 2155 sine
346 2128 454 2163 quibus
472 2128 576 2161 armis,
591 2127 691 2154 nullus
706 2135 839 2162 unquam
853 2125 949 2161 potuit
960 2146 969 2159 ,

193 2183 248 2201 nec
263 2174 369 2210 poterit
394 2174 515 2201 diabolo
535 2174 667 2201 resistcre
691 2173 879 2207 adversanti3
903 2179 969 2207 quas

195 2221 283 2248 etiam
295 2221 383 2247 debet
399 2220 526 2247 exterius
542 2221 633 2247 muris
649 2221 773 2247 sortibus
789 2218 970 2247 circumdata

196 2276 272 2302 esse,
289 2269 316 2294 et
329 2267 384 2294 hoc.
402 2268 431 2294 in
447 2267 568 2294 honesta
585 2267 819 2300 conversatione,
838 2270 864 2294 et
881 2265 969 2301 quin-

196 2322 254 2350 que
270 2322 410 2340 sensuum
426 2314 665 2347 mortificatione,
683 2314 791 2349 quibus
807 2314 916 2341 amoris
935 2315 970 2349 (b)

197 2360 300 2388 unitivi
334 2360 483 2394 regnantis
518 2360 667 2394 integritas
701 2360 971 2395 inexpugnabiliter

197 2406 430 2435 conservabitur.
457 2407 591 2434 Secundo
617 2407 646 2433 in
671 2407 727 2433 hoc
750 2427 758 2440 ,
783 2407 865 2441 quod
887 2407 972 2434 sedes

197 2454 279 2488 regni
293 2453 409 2487 dicitur,
425 2453 582 2480 Ecclesiam
594 2455 750 2480 venturam
764 2453 899 2480 fidelium
915 2454 971 2481 sub

198 2501 309 2527 Christo
330 2500 462 2536 principe
484 2501 645 2535 figurabat,
666 2501 695 2527 in
718 2508 777 2536 qua
793 2502 896 2535 regnat
911 2500 972 2535 ipse

198 2555 249 2573 rex
265 2547 421 2581 pacificus,
443 2547 497 2573 sub
521 2547 604 2581 cujus
620 2554 746 2582 persona
763 2547 915 2582 quondam
931 2546 973 2574 di-

200 2593 283 2620 cebat
297 2594 385 2621 lsaias
396 2594 406 2610 ³
422 2602 428 2620 ε
444 2595 512 2621 Deus
527 2594 622 2628 legifer
636 2596 740 2627 noster,
758 2595 816 2628 ipse
829 2595 933 2627 veniet,
948 2595 974 2620 et

233 2692 262 2721 (n)
284 2692 342 2716 Crz-t.
359 2693 420 2716 edit.
439 2694 581 2724 subjugare.
594 2707 623 2711 —
635 2693 665 2723 (h)
679 2700 774 2717 nui-arc.

774 236 946 269 MYSTICA
967 235 1205 268 THEOLOGlA.

1018 303 1138 330 salvabit
1147 310 1207 338 nos,
1219 309 1325 338 regens
1337 297 1515 330 militantem
1524 300 1684 330 eccle-iam
1695 309 1796 331 exem-

1017 348 1070 385 plo
1084 348 1168 383 vitae,
1183 350 1212 377 et
1227 348 1323 377 verbo
1338 348 1489 377 doctrinae.
1504 347 1600 376 Tertio
1614 347 1796 377 Hierusalem

1018 395 1226 432 interpretatur
1234 397 1304 423 visto
1315 396 1406 431 pacis,
1422 394 1506 431 quod
1521 394 1680 423 Ecclesiam
1689 395 1794 423 trium-

1018 442 1159 478 phantem
1179 442 1290 478 signat,
1307 441 1338 469 in
1352 450 1413 479 qua
1431 443 1500 470 sunt
1513 441 1694 469 habitatores
1713 441 1795 478 paci-

1018 487 1083 523 fici,
1100 488 1151 525 qui
1166 488 1246 517 illius
1265 488 1344 516 felici
1364 488 1519 525 praesentia
1533 487 1736 524 gratulantur,
1753 487 1796 515 di-

1019 538 1135 570 centes,
1161 537 1189 564 et
1213 535 1393 571 clamantes,
1417 536 1446 563 et
1469 535 1648 571 gaudiorum
1672 533 1795 562 civitatis

1019 585 1136 610 aeternae
1150 582 1414 619 superplenissima
1431 581 1554 618 praemia
1571 581 1771 610 admirantes‘
1786 590 1793 608 :

1019 630 1118 657 Melior
1133 633 1171 657 ese
1187 628 1245 657 dies
1260 637 1316 657 una
1329 630 1360 657 in
1375 631 1457 656 atriis
1474 630 1529 657 tuis
1549 636 1630 666 super
1647 628 1747 656 millia.
1764 629 1797 656 Et

1018 675 1080 704 haec
1095 678 1137 704 est
1151 675 1318 711 anagogica
1333 675 1490 712 expositio.

1054 724 1174 760 Proprie
1190 723 1297 751 dicitur
1317 723 1466 759 anagogia
1480 723 1576 758 idem,
1592 722 1676 759 quod
1689 730 1796 750 sursum

1019 772 1098 798 αιτίο.
1116 770 1170 798 Ubi
1191 770 1280 798 etiam
1302 772 1380 798 recte
1400 770 1477 797 inter
1496 776 1614 797 sursum
1626 769 1752 804 actum,
1767 771 1796 797 et

1019 817 1104 846 illum
1129 817 1168 846 ad
1191 825 1283 854 quem
1303 825 1393 853 supra
1412 825 1442 845 se
1463 817 1623 853 aspirando
1645 816 1796 845 ardentius

1019 864 1166 899 elevatur,
1194 864 1333 892 distantia
1359 865 1527 892 annotatur.
1551 862 1633 891 Unde
1655 863 1795 900 proprie,

1019 919 1116 947 neque
1131 910 1208 938 ir-ter
1224 910 1443 938 beatificantem
1462 909 1644 938 Altissimum
1656 931 1664 943 ,
1680 911 1708 938 et
1730 909 1797 938 iilos

1020 965 1096 995 quos
1110 958 1173 994 ipse
1192 965 1252 994 pax
1271 965 1343 985 vera
1364 955 1527 991 beatificat,
1547 964 1645 992 neque
1666 956 1798 984 similiter

1020 1013 1035 1032 e
1051 1007 1168 1039 contra,
1185 1005 1228 1032 est
1248 1003 1370 1040 proprie
1390 1011 1508 1030 sursum
1528 1003 1603 1031 actio
1626 1003 1795 1038 extensiva;

1020 1051 1074 1079 sed
1087 1051 1187 1087 potius
1203 1053 1345 1087 tanquam
1364 1058 1432 1078 cum
1450 1058 1521 1086 rege
1540 1050 1695 1078 existentes
1708 1049 1798 1078 felici-

1020 1101 1063 1126 ter
1075 1098 1105 1125 in
1121 1097 1266 1131 thalamo,
1279 1097 1311 1124 in
1324 1097 1389 1133 ipso
1401 1096 1613 1133 tranquillitate
1627 1095 1798 1124 admirabili

1021 1145 1245 1180 conquiescunt,
1261 1146 1289 1171 et
1303 1146 1446 1179 tanquam
1460 1150 1550 1180 supra
1566 1151 1597 1171 se
1608 1143 1671 1178 jam
1685 1142 1715 1170 in
1730 1142 1796 1179 ipso

1021 1191 1189 1226 existentes,
1205 1190 1244 1218 ad
1259 1190 1350 1227 ipsius
1365 1189 1519 1224 unionem,
1535 1189 1582 1217 vel
1602 1189 1797 1217 imitationem

1021 1237 1267 1272 desiderabilem,
1283 1236 1407 1264 ulterius
1426 1243 1488 1264 non
1507 1236 1648 1272 aspirant.
1664 1235 1720 1264 Sed
1738 1235 1796 1263 hoc

1019 1285 1139 1321 proprie
1165 1291 1282 1320 sponsae
1303 1283 1402 1311 adhuc
1421 1290 1439 1311 a
1459 1290 1570 1319 sponso
1599 1282 1798 1319 peregrinanti

1021 1331 1181 1368 competit3
1207 1339 1275 1367 quae
1303 1330 1401 1357 adbuc
1424 1332 1566 1365 tanquam
1592 1329 1720 1363 distans,
1741 1328 1797 1364 ipsi

1020 1378 1237 1406 insatiabilibus
1249 1376 1384 1413 suspiriis
1393 1375 1472 1403 uniri
1488 1375 1636 1403 desiderat
1649 1384 1655 1403 z
1669 1375 1752 1412 quod
1766 1375 1797 1403 in

1021 1425 1206 1461 separatione
1228 1424 1364 1451 animaea
1387 1430 1510 1459 corpore
1535 1422 1565 1449 in
1588 1421 1797 1458 tranquillitate

1022 1472 1086 1499 vitae
1100 1471 1271 1508 plenissime
1287 1469 1450 1504 obtinebit,
1465 1469 1629 1497 secundum
1645 1476 1737 1505 quam
1751 1476 1798 1496 sa-

1021 1519 1162 1555 pientiam
1177 1517 1374 1553 anagogicam
1395 1518 1516 1544 currunt
1533 1515 1651 1543 Cantica
1665 1506 1798 1543 canti-co-

1022 1574 1103 1598 rum,
1121 1573 1188 1593 cum
1204 1565 1275 1592 dicit
1287 1565 1297 1581 ⁵
1314 1573 1320 1592 :
1338 1565 1478 1592 osculetur
1490 1571 1531 1591 me
1551 1564 1638 1590 osculo
1656 1565 1727 1594 oris,
1741 1565 1796 1591 ete.

1022 1614 1054 1640 Et
1069 1612 1163 1640 illud⁶
1183 1621 1189 1639 :
1210 1612 1294 1639 Trahe
1314 1619 1354 1638 me
1374 1613 1434 1646 post
1453 1613 1493 1644 te,
1512 1611 1566 1637 etc.
1590 1611 1622 1637 Et
1643 1610 1749 1638 iterum
1762 1611 1773 1627 ⁷
1789 1619 1796 1637 ι

1026 1660 1094 1686 Veni
1105 1681 1112 1690 ,
1129 1659 1224 1685 dilecte
1244 1659 1282 1685 πη·
1299 1679 1305 1690 ,
1326 1660 1352 1684 et
1371 1657 1543 1691 egrediamur
1565 1658 1594 1684 in
1613 1665 1724 1691 aqrum,
1743 1658 1797 1685 ete.

1022 1706 1091 1739 Quae
1111 1705 1267 1741 petitiones
1288 1704 1361 1731 nihil
1383 1703 1464 1731 aliud
1488 1705 1572 1737 sunt,
1593 1711 1684 1739 quam
1708 1704 1800 1739 ignita

1022 1752 1167 1788 suspiria,
1187 1754 1214 1779 et
1238 1751 1376 1787 inquietae
1400 1749 1584 1784 affectiones,
1601 1750 1741 1778 dilectum
1760 1750 1799 1778 ad

1023 1800 1067 1827 sui
1090 1807 1207 1826 sursum
1232 1798 1379 1826 actionem
1401 1797 1516 1825 felicius
1541 1798 1733 1826 obtinendam
1754 1805 1800 1826 ar-

1023 1846 1138 1874 dentius
1172 1847 1377 1882 provocantes.
1411 1844 1567 1878 Similiter,
1594 1846 1622 1872 et
1650 1852 1685 1872 ex
1716 1847 1798 1880 parte

1023 1893 1124 1928 sponsi
1149 1892 1185 1920 ad
1208 1899 1366 1927 sponsam,
1387 1899 1455 1918 cum
1477 1890 1546 1918 dicit
1559 1891 1570 1907 ⁸
1585 1900 1591 1917 :
1606 1892 1692 1925 Aperi
1710 1891 1800 1925 mihi,

1022 1948 1096 1967 soror
1112 1947 1187 1970 mea,
1211 1947 1308 1973 sponsa
1330 1946 1397 1965 mea.
1424 1938 1455 1964 Et
1478 1937 1582 1964 iterum
1600 1937 1712 1964 dicit0:
1732 1938 1800 1964 Veni

1024 1987 1055 2013 de
1070 1987 1184 2017 Libano,
1205 1987 1281 2019 reni,
1298 1986 1351 2011 etc.
1378 1985 1409 2011 Et
1423 1983 1529 2010 iterum
1551 1983 1621 2010 dicit
1637 1983 1657 2000 ¹⁰
1673 1993 1680 2011 :
1695 1983 1779 2018 Surge
1790 2005 1799 2018 ‚

1022 2040 1152 2068 propera,
1171 2034 1258 2059 amica
1279 2039 1351 2065 mea,
1368 2033 1421 2058 etc.
1438 2031 1507 2063 Qum
1529 2030 1629 2065 sponsi
1649 2030 1802 2066 colloquia

1024 2079 1097 2106 nihil
1112 2078 1194 2106 aliud
1210 2079 1291 2111 sunt,
1307 2085 1398 2113 quam
1413 2076 1593 2103 radiationes
1612 2077 1801 2104 scintillantes

1025 2126 1137 2153 emissae
1152 2125 1190 2152 ab
1217 2125 1282 2161 ipso
1294 2145 1302 2158 ,
1318 2125 1456 2152 affectum
1476 2124 1514 2151 ad
1536 2123 1705 2150 ardentiora
1724 2123 1800 2150 desi-

1026 2172 1108 2199 deria
1123 2193 1132 2206 ,
1156 2174 1183 2200 et
1206 2171 1337 2207 inquieta
1361 2170 1486 2206 suspiria
1503 2190 1512 2203 ,
1534 2170 1703 2205 importune
1730 2169 1801 2196 inci-

1026 2222 1128 2246 tantos.
1184 2213 1189 2215 s

1063 2265 1226 2301 Aequiritur
1251 2263 1330 2291 enim
1350 2263 1403 2290 ista
1426 2271 1473 2290 ars
1499 2262 1594 2297 magis
1617 2270 1671 2298 per
1691 2263 1801 2290 amoris

1026 2313 1178 2344 unionem,
1196 2311 1359 2338 secundun]
1375 2318 1474 2345 quam,
1485 2312 1517 2337 ut
1532 2309 1642 2337 dictum
1658 2312 1708 2343 est,
1725 2318 1799 2345 prze-

1027 2367 1093 2386 sens
1119 2361 1160 2385 est
1188 2357 1320 2385 intentio.
1351 2358 1428 2384 Hanc
1458 2347 1578 2392 ubique⁸
1599 2356 1742 2383 inclusam
1770 2356 1800 2383 in

1027 2413 1109 2433 sacra
1123 2404 1232 2440 pagina
1248 2403 1443 2436 ostendentes,
1459 2402 1630 2438 exemplum
1653 2410 1801 2438 ponamus

1027 2452 1057 2479 in
1079 2459 1155 2485 uno,
1177 2453 1208 2477 ut
1231 2450 1325 2477 simile
1349 2449 1378 2476 in
1403 2450 1467 2477 aliis
1486 2457 1575 2476 sacrae
1594 2449 1710 2484 paginae
1729 2448 1802 2475 locis

1028 2499 1107 2526 idem
1122 2497 1309 2530 ostendatur,
1325 2498 1352 2524 ct
1371 2504 1408 2524 nc
1427 2496 1546 2531 longius
1559 2496 1616 2522 hoc
1631 2495 1800 2530 exemplum

1062 2583 1240 2612 *laamas-1,
1259 2583 1294 2605 ¹2.
1305 2594 1335 2599 —
1348 2581 1446 2610 Unam,
1460 2586 1523 2610 xvn,
1537 2581 1559 2603 3.
1572 2592 1602 2597 -
1614 2579 1693 2609 ³150.5
1708 2585 1802 2610 xxxiii,

1029 2620 1067 2643 22.
1079 2618 1129 2635 -⁴
1146 2617 1214 2641 psat
1235 2623 1348 2646 Lxxxiii,
1368 2618 1405 2639 ii.
1422 2629 1451 2632 —
1467 2617 1475 2630 ⁵
1489 2615 1571 2644 Cant„
1589 2620 1605 2644 t,
1624 2617 1643 2638 l.
1661 2628 1691 2632 —-
1705 2615 1714 2628 ⁰
1730 2614 1803 2644 ibat,

1030 2657 1052 2678 a.
1069 2666 1098 2671 —
1111 2654 1122 2670 τ
1139 2652 1216 2682 ihi-i.5
1233 2658 1282 2679 vn,
1305 2654 1339 2675 ii.
1356 2665 1386 2669 —
1402 2651 1412 2667 ⁸
1429 2651 1541 2680 ¹b1‹i.,v‚
1563 2651 1585 2673 2.
1605 2664 1629 2667 —
1652 2652 1660 2662 ¹·
1678 2650 1749 2679 iniit,
1768 2656 1803 2679 iv,

1031 2692 1053 2713 8.
1065 2703 1093 2707 —
1107 2689 1125 2705 ¹⁰
1139 2688 1212 2713 ibid,
1227 2693 1255 2716 ll,
1273 2689 1307 2710 itt.

1831 733 1917 758 Anago-

1809 762 1847 790 gia
1856 762 1918 789 quid.

1816 2278 1856 2298 Per
1868 2277 1920 2304 quid

1815 2315 1851 2328 ars
1871 2314 1922 2328 ana-

1829 2339 1907 2365 gogiea

1816 2370 1917 2396 acquira-

1816 2402 1858 2420 tur.
