2004 3037
693 230 744 263 DE
764 227 939 262 SEPTIMO
962 227 1137 261 l'l'INERE.
1163 228 1264 261 DIST.
1289 229 1341 262 lv.

210 298 339 328 ostendit
348 301 378 328 et
388 298 476 328 docet
485 301 587 328 auctor
595 299 665 328 libri
677 298 710 327 de
719 299 829 335 Spiritu
838 300 864 326 et
876 298 989 330 Anima,

210 347 353 375 dicens²:
369 356 383 374 «
404 347 516 375 Nobilis
537 348 580 376 est
601 348 735 376 creatura
759 345 868 374 anima.
884 345 991 373 Civitas

209 401 341 431 namque
352 394 402 422 Dei
417 396 469 429 est,
482 394 519 422 de
532 402 593 431 qua
607 397 668 423 tam
681 393 811 430 gloriosa
821 392 899 421 dicta
912 395 990 427 sunt,

210 442 295 479 quod
313 442 353 470 ad
374 441 536 478 imaginem
557 443 586 470 et
606 441 831 470 similitudinem
845 441 895 469 Dei
915 440 992 469 facta

210 491 261 518 est.
275 491 339 518 Haec
353 489 455 518 civitas
467 489 647 518 Hierusalem
662 489 767 517 merito
778 488 928 525 appellata
938 490 990 523 est,

210 537 282 574 quia
296 537 335 565 ad
352 536 515 564 fruendum
528 536 644 564 visione
662 536 742 564 illius
756 536 839 572 pacis
855 543 991 570 summae,

210 592 278 620 quae
296 583 364 612 fecit
381 584 508 620 utraque
523 590 615 611 unum
625 603 635 618 ,
651 584 749 611 creata
764 585 815 611 est.
835 584 914 611 Mens
929 583 992 618 eJus

209 630 365 668 paradisus
386 631 444 666 est,
460 630 492 658 in
507 637 566 666 qua
581 630 655 658 dum
671 629 800 658 coelestia
821 629 992 663 meditatur,

210 677 295 714 quasi
309 677 340 705 in
361 677 502 714 paradiso
517 676 677 713 voluptatis
692 677 864 705 delectatur.
881 677 992 705 Domus

209 725 298 753 etiam
316 725 424 753 summi
440 724 659 753 Patrisfamilias
678 726 721 752 est
737 724 852 760 anima,
871 725 994 760 propter

208 771 352 800 unitatem
375 780 511 807 morum3
537 779 647 808 sponsa
671 771 791 806 Christi,
816 772 937 807 propter
957 771 991 806 (a)

209 818 400 847 dilectionem
406 828 414 854 3
427 818 571 855 templum
582 818 705 855 Spiritus
715 817 946 854 sancti,propter
956 817 993 854 (a)

209 865 482 894 sanctificationem.
508 875 522 891 n
548 865 685 901 Sequitur
703 875 709 893 :
737 874 751 891 «
775 865 881 893 Civitas
908 865 995 900 Regis

208 912 324 947 aeterni,
349 914 471 948 propter
495 912 690 940 concordiam
717 912 837 940 civium.
864 913 895 940 Et
923 911 995 948 quia

209 959 293 988 nulla
307 961 350 987 est
365 960 467 988 civitas
483 960 596 996 absque
611 960 737 996 populo,
754 959 900 995 disposuit
914 959 945 986 in
960 967 995 987 ea

209 1006 351 1034 Conditor
377 1009 476 1034 noster
499 1006 647 1042 populum
669 1006 794 1042 triplicis
817 1006 942 1042 gradus,
963 1006 994 1033 id

209 1055 268 1088 est,
283 1053 431 1089 sapientes
452 1053 491 1081 ad
506 1053 741 1087 consulendum,
757 1053 865 1081 milites
885 1053 924 1080 ad
938 1061 994 1089 pu-

209 1101 374 1136 gnandum,
390 1100 516 1129 artifices
532 1101 572 1128 ad
586 1100 827 1129 ministrandum.
841 1101 927 1129 Cives
941 1101 995 1129 hu-

207 1149 256 1184 jus
268 1148 392 1176 civitatis
407 1149 475 1175 sunt
490 1148 642 1176 naturales
657 1150 684 1176 et
697 1148 821 1183 ingeniti
842 1149 934 1176 animi
950 1149 994 1176 vi-

210 1203 312 1231 gores,
339 1196 483 1231 tanquam
510 1195 678 1229 indigenae:
708 1203 838 1229 quorum
867 1195 994 1223 distincti

210 1246 278 1271 sunt
292 1243 413 1279 gradus,
430 1243 480 1271 alii
496 1244 674 1280 superiores,
691 1243 740 1271 alii
760 1243 869 1278 medii,
885 1243 935 1271 alii
949 1244 995 1271 in-

209 1289 341 1325 seriores,
354 1290 394 1318 ad
408 1290 635 1318 similitudinem
650 1290 792 1326 angelicae
807 1290 992 1318 hierarchiae.

209 1337 380 1374 Superiores
404 1340 471 1365 sunt
493 1337 618 1374 quidem
641 1337 854 1366 intellectuales
879 1346 993 1373 sensus,

209 1385 301 1413 medii
315 1385 485 1419 rationales,
500 1384 596 1412 infimi
612 1384 770 1413 animales:
787 1393 917 1420 quorum
932 1385 994 1412 haec

210 1432 376 1460 differentia
391 1434 445 1460 est..
458 1432 616 1466 Animalis,
634 1432 695 1460 sive
711 1432 868 1467 sensuam,
883 1433 996 1469 appetit

210 1479 370 1507 sensibilia.
393 1479 555 1507 Rationalis
580 1479 734 1514 discernit,
755 1481 783 1507 et
808 1479 994 1507 discretionis

210 1528 299 1556 oculo
319 1529 493 1563 aspernatur
516 1535 560 1554 ea.
575 1527 781 1554 Intellectualis
796 1527 939 1563 pertrahit
959 1535 994 1555 ea

210 1575 248 1602 ad
271 1574 382 1601 divina.
409 1584 422 1599 »ν
449 1574 600 1609 Sequitur:
629 1584 642 1599 «
666 1574 880 1602 lntellectuales
905 1574 994 1609 igitur

210 1629 313 1648 sensus
328 1622 395 1648 sunt
406 1622 550 1656 tanquam
564 1621 671 1648 animae
686 1621 847 1649 consiliarii
862 1621 994 1649 dicentes

211 1668 238 1695 ei
249 1667 278 1696 ²:
297 1670 376 1695 Deam
391 1669 471 1702 time,
488 1669 514 1695 et
533 1667 664 1695 mandata
684 1668 741 1702 ejus
762 1668 873 1695 observa
887 1677 894 1695 z
909 1676 993 1703 prop-

211 1717 250 1742 ter
266 1715 301 1750 (b)
316 1715 363 1742 hoc
382 1717 420 1741 est
439 1715 510 1741 enim
530 1716 617 1742 omnis
635 1715 722 1742 homo.
737 1715 906 1743 Rationales
925 1717 994 1742 sunt

209 1761 326 1796 militeS,
343 1761 394 1797 qui
409 1761 508 1788 hostes
523 1761 832 1797 concupiscentiarum
844 1761 878 1798 (‹:)
894 1762 993 1797 impu-

209 1810 300 1844 gnant
312 1816 366 1844 per
381 1816 464 1835 arma
476 1808 604 1843 justitiae.
621 1808 781 1843 Animales,
798 1808 859 1836 sive
874 1816 993 1837 sensua-

209 1856 252 1884 les
272 1864 390 1889 sensus,
413 1858 480 1882 sunt
508 1858 650 1891 tanquam
675 1856 793 1890 rustici,
819 1859 846 1884 et
867 1856 993 1884 artifices

209 1902 391 1936 mechanici,
412 1902 461 1937 qui
486 1902 694 1937 corporalibus
712 1903 888 1930 rudimentis
908 1903 992 1930 insis-

210 1951 287 1984 tunt,
304 1950 332 1976 et
349 1949 467 1984 corpori
484 1949 651 1976 neccssaria
664 1949 839 1977 ministrant.
858 1959 870 1975 »
889 1950 991 1985 Sequi-

209 1999 274 2024 tur:
295 2007 307 2020 κ
326 1997 405 2023 Hanc
422 1995 569 2031 triplicem
588 1995 649 2022 vim
665 1995 787 2029 animae,
803 1995 912 2024 scilicet
929 2004 992 2024 sen-

209 2044 342 2078 sualem,
370 2043 547 2071 rationalem
572 2045 600 2071 et
621 2044 870 2077 intellectualem,
894 2044 991 2079 philo*

209 2090 294 2126 sophi
309 2092 406 2126 partes
421 2090 527 2118 animae
537 2093 730 2125 vocaverunt,
742 2098 803 2118 non
820 2090 990 2126 integrales,

208 2137 261 2164 scd
269 2137 423 2171 virtuales,
433 2137 504 2173 quia
514 2137 651 2173 potentiae
661 2137 723 2172 ejus
738 2138 837 2164 sunt.»
856 2138 919 2164 Haec
931 2145 992 2164 om-

207 2184 257 2212 nia
270 2184 299 2211 in
311 2183 388 2212 libro
404 2184 556 2220 praedicto.
568 2186 639 2212 Tota
650 2184 739 2220 igitur
751 2185 805 2212 ista
820 2184 932 2212 familia
942 2192 992 2220 pa-

208 2231 332 2264 cificata,
348 2233 375 2258 et
391 2231 526 2266 qualibet
536 2231 576 2267 (d)
586 2231 623 2258 ad
635 2239 722 2259 suum
733 2231 866 2258 officium
877 2233 905 2258 et
916 2239 992 2266 opus

208 2278 344 2306 ordinata
360 2279 388 2305 et
403 2277 526 2312 directa,
543 2280 572 2305 et
588 2278 659 2313 Regi
675 2286 729 2306 suo
744 2278 832 2314 plene
849 2278 990 2313 subjecta,

208 2332 312 2352 omnes
331 2324 477 2356 extranei,
491 2333 618 2360 regnum
634 2326 740 2353 animae
756 2325 924 2359 turbantes,
941 2325 992 2359 eji-

208 2371 322 2399 ciantur
337 2373 365 2398 et
380 2371 587 2399 excludantur.
607 2372 742 2400 Extranei
758 2375 855 2400 autem
868 2374 946 2405 sunt,
961 2375 992 2399 ut

209 2418 279 2445 dicit
301 2418 466 2446 Richardus
481 2418 501 2452 ³,
527 2426 631 2446 omnes
653 2419 800 2454 cogitatus
825 2422 884 2446 iam
906 2419 990 2450 vani,

210 2472 300 2500 quam
313 2464 410 2499 noxii,
426 2464 477 2500 qui
494 2464 570 2492 nulli
591 2467 699 2493 nostrae
718 2465 833 2494 utilitati
850 2465 990 2501 serviunt,

210 2513 236 2538 et
252 2511 384 2539 similiter
397 2512 485 2539 turba
500 2512 738 2540 inordinatarum
750 2513 952 2547 affectionum,
965 2515 992 2539 et

244 2576 247 2586 ¹
267 2574 300 2596 De
321 2574 388 2604 sz'r'.
409 2576 431 2597 et
450 2575 541 2604 ΛΜΝ,
561 2581 582 2598 c.
605 2581 705 2605 xxxvii,
728 2576 794 2600 iuter
815 2577 891 2606 opor.
915 2576 990 2605 Aug„

211 2610 321 2640 append.
340 2611 401 2634 tom.
419 2611 462 2634 Vl.
478 2623 507 2628 -
527 2610 537 2626 2
552 2610 643 2635 Eccle„
660 2617 711 2641 ΧΠ,
733 2613 769 2635 13.
788 2626 814 2630 —
834 2612 844 2628 ³
861 2611 990 2641 Ricliaril.⁷

210 2644 239 2667 (le
254 2644 401 2675 Contempl.‚
416 2644 460 2669 lib.
476 2646 519 2675 lV,
530 2652 553 2669 c.
570 2651 648 2675 xxxv,
662 2653 715 2670 non
730 2646 808 2677 longe
823 2654 838 2670 a
853 2645 989 2677 principio.

211 2693 241 2697 —
254 2680 261 2693 ⁴
276 2680 360 2710 Alme..
374 2687 429 2711 xm,
442 2683 465 2705 4.
480 2694 511 2698 —
528 2682 536 2694 ⁵
553 2681 638 2710 Dion.‚
653 2682 745 2706 Eccles.
763 2683 842 2712 Hier„
861 2689 883 2705 c.
901 2688 947 2705 vu.
961 2695 991 2699 —

212 2716 221 2732 Β
236 2715 336 2745 Manli„
353 2722 376 2746 v,
396 2718 430 2741 28.
445 2730 474 2733 —
492 2716 499 2732 7
516 2717 596 2747 lcum,
619 2723 674 2747 vm,
692 2718 730 2741 39.
750 2732 773 2734 —
797 2720 804 2730 '⁴
818 2718 902 2748 Dion„
923 2717 990 2741 Eccl.

1770 228 1830 259 475

1048 296 1297 333 sollicitudinum,
1313 305 1388 334 quas
1408 304 1512 326 omnes
1527 297 1645 333 oportet
1662 296 1784 332 ejicere,
1798 298 1831 324 ut

1048 343 1134 380 Regis
1155 344 1247 372 nostri
1262 343 1394 379 legibus,
1410 346 1437 372 et
1457 343 1557 372 Dilecti
1575 344 1669 372 nostri
1683 343 1830 380 amplexi-

1048 391 1122 426 bus,
1137 389 1254 427 'quanto
1269 391 1402 426 liberius,
1419 392 1499 419 tanto
1513 390 1674 427 jucundius
1688 391 1774 419 liceat
1787 390 1831 418 in-

1047 438 1170 473 haerere,
1190 438 1242 475 qui
1252 438 1262 455 ¹³
1277 439 1413 472 absterget
1427 445 1529 466 omnem
1545 439 1691 473 lacrymam
1706 439 1738 466 ab
1748 439 1831 466 oculis

1047 495 1150 515 eorum.
1166 488 1207 525 Ex
1227 486 1273 514 his
1292 488 1431 523 apparet,
1454 486 1538 522 quod
1558 486 1650 514 homo
1665 486 1831 514 secundum

1047 535 1205 570 utramque
1223 534 1361 561 naturam
1381 533 1470 561 debet
1489 533 1622 569 operari,
1638 541 1706 561 cum
1726 540 1830 562 secun-

1050 580 1122 609 dum
1138 582 1297 617 utramque
1312 580 1349 608 sit
1359 580 1578 608 beatificabilis.

1274 676 1517 710 DISTINCTIO
1545 677 1604 711 IV.

1069 750 1193 785 Qualiter
1213 751 1333 786 operatio
1354 751 1494 785 utriusque
1516 752 1642 783 naturoe,
1665 752 1813 786 corporalis

1121 796 1223 823 scilicet
1239 797 1264 822 et
1279 795 1446 830 spiritualis,
1464 795 1604 829 deiformis
1618 796 1757 829 efficiatur.

1086 871 1195 904 Quarto
1210 870 1376 898 videndum
1396 872 1453 905 est,
1473 878 1541 898 cum
1557 870 1714 907 Dionysius
1730 870 1808 898 dicat
1821 871 1832 887 ὅ

1051 918 1135 954 quod
1149 926 1185 945 ex
1203 917 1352 954 Scriptura
1367 918 1540 953 edocemur,
1557 917 1641 954 quod
1653 918 1716 954 jam
1730 919 1761 946 in
1775 918 1831 947 hac

1050 965 1109 993 vita
1118 964 1294 992 deiformem
1305 965 1396 993 vitam
1406 965 1593 1000 inchoamus,
1609 973 1701 1002 quam
1715 965 1745 993 in
1756 965 1831 994 coelo

1051 1012 1340 1046 consummabimus,
1357 1012 1484 1048 qualiter
1499 1014 1624 1049 utraque
1643 1015 1744 1040 nostra
1758 1021 1831 1049 ope-

1049 1059 1142 1093 ratio,
1158 1059 1268 1087 scilicet
1289 1059 1449 1095 spiritualis
1468 1061 1496 1087 et
1519 1059 1698 1096 corporalis,
1723 1059 1832 1088 deifor-

1050 1106 1117 1140 miS,
1132 1106 1164 1133 id
1178 1108 1230 1140 est,
1247 1106 1355 1134 divinae
1368 1107 1534 1142 operationi
1548 1107 1709 1134 conformis
1724 1107 1831 1135 efficia-

1050 1154 1106 1180 tur.
1132 1152 1190 1180 Nisi
1217 1153 1297 1181 enim
1322 1153 1492 1189 aliqualiter
1515 1162 1671 1190 possemus
1693 1162 1748 1182 nos
1772 1155 1831 1182 Deo

1050 1200 1126 1227 Patri
1142 1201 1242 1228 nostro
1258 1200 1449 1228 conformiter
1468 1201 1585 1236 operari
1606 1203 1750 1236 tanquam
1765 1200 1832 1236 filii,

1050 1247 1193 1274 Dominus
1214 1255 1275 1274 non
1291 1247 1411 1275 dixisset
1424 1247 1452 1275 ⁶:
1469 1249 1560 1275 Estote
1576 1248 1704 1283 perfecti,
1719 1249 1790 1275 sicut
1806 1251 1832 1275 et

1050 1295 1131 1321 Pater
1141 1297 1226 1321 vester
1239 1295 1352 1321 coelcstz‘s
1362 1296 1499 1328 pei-fectus
1514 1297 1562 1322 est.
1578 1294 1656 1323 Sicut
1667 1294 1746 1322 enim
1761 1295 1832 1323 ima-

1050 1340 1151 1376 ginem
1171 1340 1220 1368 Dei
1241 1341 1332 1368 Patris
1347 1341 1439 1369 nostri
1458 1341 1605 1369 habemus
1620 1341 1650 1369 in
1671 1343 1768 1369 mente
1783 1343 1832 1370 vel

1049 1390 1200 1423 tenemus,
1217 1389 1256 1417 ita
1272 1389 1377 1424 etiam,
1392 1391 1424 1417 ut
1439 1389 1488 1417 Dei
1500 1389 1553 1417 filii
1568 1389 1670 1425 simus,
1686 1389 1832 1418 debemus

1050 1437 1276 1464 similitudinem
1298 1439 1397 1465 tenere
1422 1437 1452 1465 in
1473 1437 1655 1474 operatione.
1677 1439 1749 1465 Nam
1768 1438 1831 1473 ejus

1050 1485 1103 1513 filii
1119 1494 1235 1521 sumus,
1255 1487 1338 1522 cujus
1355 1495 1447 1522 opera
1467 1486 1607 1520 facimus,
1624 1487 1693 1514 dicit
1707 1488 1717 1504 ⁷
1732 1487 1830 1515 Domi-

1049 1541 1115 1561 nus.
1136 1533 1217 1561 Unde
1238 1533 1394 1570 Dionysius
1417 1534 1509 1561 dicit⁸
1529 1544 1536 1562 :
1563 1546 1575 1559 ι(
1596 1534 1830 1570 Uniusquusque

1049 1580 1231 1614 hierarchiae,
1246 1580 1278 1608 id
1293 1583 1345 1615 est,
1361 1581 1438 1608 benc
1454 1581 1597 1609 ordinatae
1614 1589 1749 1617 personae
1762 1589 1830 1617 per-

1048 1629 1135 1657 fectio
1157 1632 1199 1657 est
1222 1630 1261 1657 ad
1285 1629 1334 1657 Dei
1357 1629 1551 1657 imitationem
1574 1629 1740 1657 secundum
1759 1638 1830 1666 pro-

1048 1676 1146 1712 priam
1161 1676 1365 1712 operationem
1379 1676 1534 1704 reductam
1549 1684 1627 1710 esse,
1644 1677 1672 1704 et
1685 1676 1749 1704 fieri
1764 1685 1830 1705 coo-

1047 1723 1242 1759 peratricem,
1266 1723 1349 1759 quod
1371 1723 1518 1751 efficacius
1538 1723 1677 1751 omnibus
1697 1724 1830 1752 divinam

1047 1769 1175 1805 ingignit
1201 1770 1453 1805 conformitatem,
1478 1772 1505 1798 et
1528 1770 1598 1799 facit
1619 1773 1830 1807 repraesentare

1049 1817 1183 1845 divinam
1195 1818 1397 1853 operationem
1412 1818 1441 1845 in
1452 1818 1560 1854 seipso,
1570 1818 1735 1846 secundum
1747 1819 1829 1854 quod

1047 1865 1190 1901 possibile
1207 1866 1260 1898 est,
1277 1865 1383 1900 »juxta
1397 1865 1472 1892 illud
1489 1865 1569 1893 Pauli
1580 1866 1607 1893 ⁹:
1627 1867 1677 1892 Dei
1697 1867 1766 1893 enim
1781 1866 1829 1893 ad-

1043 1912 1146 1946 jutores
1157 1920 1257 1939 sumus.
1271 1912 1440 1939 Notandum
1452 1912 1550 1947 igitur,
1563 1912 1646 1948 quod
1662 1912 1827 1948 Dionysius,

1047 1959 1152 1994 quinto
1165 1960 1359 1986 Ecclesiasticoe
1371 1959 1549 1993 Hz'erarchz‘oe,
1561 1959 1829 1987 dicit:1‹Neillumi-

1046 2005 1181 2033 nationes
1192 2005 1363 2033 divinarum
1375 2006 1583 2041 operationum
1598 2005 1727 2033 confusae
1743 2009 1770 2034 et
1784 2007 1828 2034 in-

1047 2052 1189 2080 distinctae,-
1204 2052 1371 2086 videantur,
1390 2054 1450 2080 tam
1467 2053 1608 2088 angelici,
1625 2062 1717 2089 quam
1736 2055 1828 2082 eccle—

1046 2100 1152 2127 siastici
1169 2099 1280 2134 gradus
1295 2101 1363 2126 sunt
1380 2100 1465 2127 divisi
1482 2100 1511 2127 in
1526 2101 1648 2136 primas,
1660 2101 1784 2135 mediaS,
1800 2103 1829 2129 et

1045 2147 1165 2174 ultimas
1181 2149 1294 2174 sanctas
1310 2147 1498 2182 operationes
1520 2150 1565 2181 ,et
1580 2147 1709 2182 ordineS,
1727 2156 1828 2176 secun-

1047 2193 1120 2221 dum
1134 2193 1331 2221 hierarchicas
1347 2193 1553 2229 discretiones,
1572 2194 1603 2221 id
1619 2196 1661 2222 est
1675 2195 1827 2224 ordinatas

1047 2240 1257 2268 distinctiones
1272 2242 1304 2268 Et
1319 2240 1413 2276 capite
1430 2240 1547 2268 decimo
1564 2242 1699 2276 Anqelicae
1712 2244 1827 2270 Hiemi·-

1046 2288 1111 2314 chz'oe
1131 2287 1215 2322 dicit,
1238 2287 1322 2323 quod
1340 2296 1528 2324 unaquaeque
1550 2297 1634 2316 mens
1655 2290 1732 2317 bene
1749 2290 1826 2317 ordi-

1045 2336 1129 2368 nata,
1147 2337 1206 2362 tam
1222 2335 1366 2370 angelica,
1383 2343 1475 2371 quam
1490 2336 1632 2371 humana,
1648 2336 1738 2364 habet
1752 2337 1783 2364 in
1796 2345 1826 2364 se

1045 2382 1171 2418 primaS,
1189 2381 1321 2416 medias,
1336 2382 1472 2417 ultimas,
1489 2383 1550 2410 sive
1572 2383 1690 2411 infimas
1705 2384 1826 2411 ordina—

1045 2428 1156 2462 tiones,
1175 2431 1202 2457 et
1226 2430 1360 2462 virtutes,
1381 2431 1408 2456 et
1428 2438 1545 2457 sursum
1560 2430 1704 2464 actiones,
1720 2434 1824 2458 secun-

1047 2476 1119 2504 dum
1131 2485 1205 2512 quas
1216 2477 1420 2512 unusquisque
1431 2477 1554 2511 angelus
1569 2479 1596 2504 et
1610 2477 1702 2505 homo
1714 2477 1825 2505 hierar-

1047 2523 1161 2557 chicus,
1177 2523 1209 2551 id
1228 2525 1287 2558 est,
1302 2524 1378 2551 bene
1395 2525 1562 2559 ordinatus,
1579 2525 1704 2561 percipit
1724 2533 1825 2553 secun-

1047 2569 1120 2597 dum
1134 2570 1287 2607 propriam
1310 2571 1516 2607 capacitatem,
1535 2572 1584 2599 Dei
1604 2572 1823 2608 purgationem,

1048 2644 1127 2672 Hirr„
1145 2652 1167 2668 c.
1184 2650 1238 2668 x'.—-
1249 2645 1274 2668 ²¹1
1289 2644 1356 2674 Con,
1374 2652 1414 2675 111,
1428 2647 1482 2669 9.-
1498 2646 1585 2676 (11)Al.
1602 2653 1689 2676 per.—
1701 2646 1735 2677 (la)
1748 2647 1822 2677 Vulg.

1046 2687 1097 2704 non
1114 2681 1189 2704 habet
1204 2682 1345 2710 propter.—
1364 2682 1391 2710 (r)
1409 2682 1475 2712 Ley„
1495 2682 1518 2705 id
1535 2684 1581 2713 esi,
1594 2682 1823 2714 concupiscentias-

1047 2731 1073 2734 -
1091 2717 1123 2747 (si)
1143 2717 1202 2741 Cert.
1219 2717 1277 2739 edit.
1295 2717 1421 2748 quaelibet.
