2004 3037
50 437 135 458 Oratio-

29 467 63 488 uis
75 474 134 488 com-

35 499 130 526 pai-etio-

29 535 77 551 nen.

64 2265 137 2286 nitus.

696 221 747 256 DE
769 221 1041 255 POENITENTIA.
1065 223 1152 256 CAP.
1176 225 1212 257 V.

149 292 237 328 typus
253 291 372 327 decens,
387 290 480 319 virtus
492 290 607 326 ingens,
622 289 732 318 modus
747 291 929 327 competens,

149 337 232 366 locus
251 345 430 374 congruens,
450 338 479 366 et
496 339 611 373 tempus
629 337 820 365 conveniens.
838 336 931 365 Habet

149 385 239 421 igitur
255 385 349 413 oratio
368 386 474 421 typum
493 383 657 419 decentem,
675 385 704 412 et
720 383 849 419 figuram
869 383 930 412 ele-

150 434 279 468 gantem.
301 431 494 467 comparatur
512 432 610 458 autem
629 430 796 467 specialiter
814 430 927 459 tribus:

151 481 194 508 est
210 479 290 506 enim
308 478 403 506 oratio
418 477 492 505 sicut
506 476 660 505 incensum
680 477 788 505 divinae
807 477 929 506 misera—

150 525 222 554 tioni
237 524 434 559 offerendum,
450 524 525 552 sicut
536 525 652 552 scutum
668 523 775 552 divinae
789 523 930 559 indigna-

150 572 222 601 tioni
243 571 469 608 opponendum,
490 570 565 598 sicut
583 571 727 599 tributum
745 570 852 599 divinae
871 570 927 598 do-

149 619 304 648 minationi
317 619 559 656 persolvendum.
575 621 621 647 Est
633 627 705 655 ergo
721 619 816 648 oratio
831 619 929 655 primo

150 666 253 694 similis
268 666 346 694 thuri
360 666 409 694 vel
427 666 562 701 incenso,
581 666 665 702 quod
681 666 789 694 divinae
807 666 931 694 misera-

150 713 223 742 tioni
238 713 383 742 debemus
398 713 513 741 offerre.
536 713 615 742 Sicut
635 713 714 741 enim
733 713 800 741 thus
819 713 867 741 vel
886 713 930 740 in-

150 768 282 795 censum,
294 768 382 797 super
394 760 538 788 carbones
550 760 691 796 positum,
706 760 797 797 spirat
809 768 932 788 suavem

151 809 179 835 et
197 807 380 836 redolentem
401 807 537 842 odorem,
556 807 605 835 vel
624 807 757 843 fumum3
779 807 820 834 sic
836 807 931 835 oratio

149 854 273 883 incensa
291 862 380 890 super
394 855 524 882 carbone
544 854 711 882 devotionis
730 854 857 882 multum
871 854 931 882 fra-

151 903 215 936 grat
228 901 259 929 in
273 903 432 937 conspectu
448 901 556 928 divinae
571 901 741 936 majestatis.
758 902 790 928 Et
803 901 872 929 ideo
888 900 932 928 di-

152 948 268 976 citur¹:
293 950 438 983 Diriyatur
460 950 548 976 oratio
570 950 628 975 mea
653 949 723 975 sicut
747 950 881 976 incensum
903 949 932 975 in

151 997 291 1030 conspectu
306 998 361 1022 tuo.
382 995 530 1029 Secundo,
548 997 590 1022 est
604 994 700 1022 oratio
716 994 819 1022 similis
838 996 932 1030 scuto,

151 1041 235 1078 quod
250 1041 358 1069 divinae
376 1041 574 1077 indignationi
592 1041 737 1069 debemus
753 1049 906 1077 opponere
924 1051 930 1069 z

150 1095 221 1116 nam
243 1088 316 1116 sicut
335 1090 451 1116 scutum
471 1088 610 1124 prohibet
632 1088 722 1116 ictum
743 1088 863 1123 lanceae,
884 1088 932 1115 vel

151 1136 275 1171 sagiuae;
289 1135 330 1163 sic
345 1135 438 1163 oratio
454 1137 551 1163 servat
564 1135 718 1163 hominem
734 1143 751 1162 a
766 1135 870 1162 lancea
884 1135 932 1163 vel

150 1190 168 1210 a
182 1183 288 1218 sagitta
307 1182 455 1210 sententiae
470 1184 498 1210 et
516 1182 566 1210 irae
587 1182 646 1210 Dei.
665 1182 746 1209 Unde
767 1181 872 1209 dicitur
894 1182 931 1210 de

151 1232 248 1258 Aaron
259 1228 279 1264 ²,
296 1229 379 1265 quod
390 1231 531 1265 proferens
545 1231 650 1256 scutum
664 1231 796 1256 orationis
811 1228 857 1264 (a),
875 1237 931 1256 res-

151 1278 211 1304 titit
224 1279 283 1304 iroe.
300 1276 404 1311 Tertio,
422 1276 515 1304 oratio
532 1278 574 1304 est
588 1275 691 1303 similis
705 1276 827 1310 tributo,
848 1276 930 1311 quod

151 1322 257 1352 divinae
273 1323 467 1352 dominationi
484 1323 629 1351 debemus
647 1323 817 1359 persolvere
834 1332 840 1351 :
857 1323 931 1351 sicut

151 1371 230 1398 enim
245 1371 446 1406 emphyteuta,
460 1370 508 1398 vel
522 1370 715 1404 feudatarius,
735 1370 823 1398 solvit
838 1370 930 1397 tribu-

150 1419 213 1445 tum
227 1418 291 1452 regi
306 1426 361 1453 pro
377 1417 562 1453 emphyteusi
577 1417 626 1444 vel
639 1417 742 1450 feudo,
755 1417 838 1452 quod
853 1418 931 1444 tenet

151 1464 189 1491 ab
204 1463 280 1499 ipso,
292 1464 333 1491 sic
347 1464 490 1491 tributum
504 1463 601 1492 laudis
617 1466 644 1491 et
659 1463 800 1491 orationis
815 1463 932 1491 solven-

151 1510 224 1538 dum
236 1512 278 1537 est
293 1512 351 1538 Deo
366 1519 421 1546 pro
434 1511 621 1546 emphyteusi
634 1510 767 1546 eorporis
782 1512 810 1537 et
825 1509 930 1537 animae

151 1565 242 1593 quam
257 1558 424 1594 accepimns
443 1557 472 1584 in
490 1557 592 1591 teudo,
610 1557 694 1592 juxta
714 1557 791 1584 iliud
808 1558 818 1572 ³
836 1566 842 1584 :
858 1557 931 1584 Red-

150 1604 207 1632 dite
228 1613 286 1640 quae
305 1607 368 1633 sunt
391 1605 507 1632 Coesaris
530 1605 645 1639 Caesari,
669 1607 693 1631 et
714 1612 773 1639 quoe
794 1606 858 1631 sunt
882 1605 931 1630 Dei

151 1652 215 1678 Deo.
486 1681 490 1685 ,

185 1700 257 1726 Item
280 1699 374 1726 oratio
399 1698 490 1726 habet
515 1698 662 1734 triplicem
685 1697 812 1732 figuram
841 1697 930 1725 aliam

150 1745 238 1773 valde
252 1745 418 1782 pulchram.
435 1747 481 1773 Est
495 1745 575 1773 enim
589 1745 635 1772 vir
647 1752 735 1772 orans
750 1744 824 1771 sicut
837 1743 929 1771 homo

150 1792 212 1827 regi
228 1794 350 1828 portans
365 1792 541 1826 encoenium,
561 1791 635 1819 sicut
652 1800 669 1818 a
684 1799 751 1826 rege
768 1792 870 1826 petens
885 1791 931 1825 ju-

152 1839 273 1872 dicium,
289 1839 363 1867 sicut
377 1847 393 1867 a
408 1847 476 1874 rege
491 1840 594 1875 petens
609 1846 791 1865 succursum.
812 1839 859 1865 Est
876 1837 929 1865 ita-

152 1894 210 1921 que
233 1886 324 1913 homo
349 1886 400 1921 qui
427 1887 506 1920 orat,
528 1885 603 1913 sicut
625 1885 675 1912 ille
701 1885 751 1920 qui
775 1885 930 1920 praesentat

152 1934 213 1968 regi
238 1941 380 1968 magnum
403 1933 569 1960 encoenium
593 1934 620 1959 et
643 1932 763 1966 nobile,
786 1934 818 1959 ut
837 1932 929 1959 homo

152 1988 289 2015 magnuS,
307 1980 352 2007 vel
369 1980 478 2007 nobilis
497 1979 676 2006 domicellus
692 1988 698 2006 ε
717 1979 758 2006 sio
774 1978 868 2006 oratio
888 1980 930 2006 est

153 2027 320 2054 encoenium
340 2026 414 2053 adeo
435 2026 536 2053 nobile
559 2028 586 2053 et
605 2033 758 2060 magnum,
781 2025 863 2060 quod
884 2033 930 2052 so-

151 2073 215 2101 lum
236 2073 324 2101 debet
345 2072 514 2108 praesentari
540 2073 596 2099 Deo
617 2079 669 2107 per
689 2071 842 2098 hominem
864 2079 928 2097 ma-

153 2129 259 2156 gnum,
282 2120 390 2148 scilicet
405 2120 527 2155 justum.
552 2120 610 2146 Hoc
632 2120 674 2146 est
696 2118 775 2146 enim
797 2117 929 2145 officium

151 2167 254 2196 Christi
272 2167 401 2194 hominis
423 2168 451 2194 et
469 2165 640 2193 mediatoris
659 2165 761 2199 nostri,
787 2166 838 2201 qui
861 2174 928 2194 ora-

151 2215 246 2242 tiones
268 2216 383 2242 nostras
405 2215 432 2241 et
455 2221 546 2248 opera
569 2214 669 2240 nostra
691 2214 847 2248 praesentat
870 2216 928 2242 Deo

151 2262 236 2290 Patri.
253 2261 339 2295 Quod
353 2260 461 2295 figurat
480 2260 620 2287 diaconus
635 2259 665 2286 in
682 2259 815 2294 ecclesia,
832 2260 879 2288 vel
898 2262 929 2289 in

151 2309 250 2343 missa,
265 2316 332 2335 cum
348 2307 432 2335 offert
446 2306 630 2334 thuribulum
643 2306 798 2333 sacerdoti.
816 2308 874 2333 Hoc
888 2310 930 2336 cst

152 2355 283 2383 officium
301 2354 409 2389 angeli,
430 2353 481 2390 qui
500 2354 614 2380 nostras
633 2353 781 2380 orationes
798 2354 930 2382 similiter

151 2403 236 2430 offert
254 2403 285 2430 in
304 2404 462 2437 conspectu
483 2401 542 2435 Dei,
559 2401 633 2428 sicut
651 2401 725 2428 dixit
743 2401 871 2435 Angelus
890 2402 929 2429 ad

150 2451 290 2477 Tobiam⁶
303 2459 309 2477 z
324 2449 435 2482 Quando
450 2449 543 2475 ora-'aus
558 2456 617 2475 cum
634 2449 769 2481 lacrymis,
788 2450 815 2475 et
830 2449 927 2484 sequi-

152 2498 197 2524 tur
214 2497 327 2524 ibidem
345 2505 351 2523 :
374 2497 428 2530 Ego
450 2496 596 2522 orationem
618 2497 691 2522 tuam
714 2495 855 2529 offerebam
879 2498 928 2522 Do-

151 2545 233 2570 minc.
248 2545 280 2570 Et
292 2543 365 2570 sicut
378 2543 440 2577 regi
454 2549 514 2569 non
530 2541 624 2575 offert,
639 2541 689 2576 qui
703 2541 759 2568 sibi
771 2542 926 2577 ministrat,

150 2589 296 2617 ferculum
312 2592 486 2625 coopertum
502 2597 571 2616 cum
589 2588 713 2623 muscis;
729 2588 771 2616 sic
786 2588 838 2625 qui
853 2591 927 2623 orat,

183 2654 191 2669 ¹
206 2652 272 2677 Psal.
291 2658 355 2681 exn,
377 2654 400 2676 2.
420 2665 450 2670 -—
470 2652 479 2666 ²
498 2652 568 2682 Sap„
586 2657 665 2681 xviii,
685 2653 723 2676 21.
743 2664 773 2669 —
797 2651 807 2666 ³
826 2651 926 2681 Mutila,

152 2695 217 2718 xxii,
237 2690 275 2711 21.
299 2700 322 2704 —
346 2688 354 2700 ⁴
374 2687 439 2715 Tot„
460 2694 511 2718 xii,
537 2689 573 2710 ¹2.
594 2701 623 2704 —
644 2688 654 2704 ⁵
677 2687 743 2711 Psal.
768 2692 828 2717 nrt,
846 2689 883 2710 lb.
909 2700 920 2702 ⁴

1703 232 1763 262 269

984 297 1046 319 non
1070 291 1160 320 debet
1175 293 1246 329 Regi
1270 301 1376 330 regum
1398 294 1505 324 offerre
1528 295 1675 325 ferculum
1697 305 1766 326 cum

984 338 1105 373 muscis,
1120 339 1151 367 id
1171 342 1214 368 est
1233 341 1463 376 cogitationibus
1483 343 1568 370 vanis
1588 345 1617 372 et
1636 343 1766 372 immun-

986 385 1041 412 dis.
1064 387 1110 413 Est
1129 386 1217 414 etiam
1236 388 1327 415 homo
1347 388 1397 424 qui
1418 391 1492 424 orat,
1513 389 1587 417 sicut
1608 390 1658 419 ille
1678 391 1730 428 qui
1749 400 1767 420 a

985 439 1054 467 rege
1070 433 1142 468 petit
1157 434 1306 469 judicium
1323 444 1329 463 :
1347 436 1422 463 sicut
1442 436 1521 465 enim
1536 437 1586 466 ille
1605 438 1657 475 qui
1674 439 1705 467 in
1720 439 1767 475 ju-

986 479 1064 507 dicio
1085 479 1228 516 loquitur,
1247 481 1337 510 debet
1354 482 1464 511 habere
1480 485 1565 512 testes
1584 485 1620 512 de
1637 485 1682 513 his
1701 494 1767 522 quoe

985 527 1136 562 proponit,
1160 527 1297 564 alioquin
1313 537 1373 557 non
1389 530 1557 558 crederetur
1570 531 1638 567 sihi,
1652 533 1699 561 vel
1715 541 1767 562 au-

986 572 1110 607 diretur,
1129 574 1191 601 imo
1212 582 1230 602 a
1246 575 1346 610 judice
1361 576 1533 613 puniretur3
1549 577 1590 606 sic
1605 579 1699 607 oratio
1716 587 1766 608 vo-

986 619 1057 647 calis
1086 620 1176 648 debet
1203 621 1314 649 habere
1342 623 1544 651 testimonium
1573 625 1680 653 cordis.
1711 627 1768 654 Sed

985 667 1087 694 tamen
1107 667 1275 695 cavendum
1295 671 1348 704 est,
1368 677 1405 697 ne
1426 678 1477 698 cor
1495 671 1605 699 orantis
1624 672 1660 700 sit
1678 672 1768 702 salsus

985 712 1033 740 vel
1049 715 1205 749 corruptus
1221 715 1310 750 testiS,
1327 717 1517 753 corruptione
1532 718 1642 746 scilicet
1660 719 1768 756 iniqui-

986 760 1068 794 tatiS‚
1098 761 1169 797 quia
1191 761 1340 791 dicitur⁶z
1366 765 1546 799 lne'quitatem
1569 768 1594 793 sz'
1619 769 1715 802 aspeaei
1739 769 1768 795 in

986 808 1065 835 corde
1080 816 1145 841 meo,
1163 810 1217 836 etc.
1236 809 1293 837 Sed
1308 809 1331 837 si
1347 811 1526 840 conscientia
1540 812 1631 847 bona,
1648 815 1676 841 et
1690 814 1769 842 testi·

987 854 1123 882 monium
1137 855 1226 883 fidele
1242 856 1326 891 ferat,
1343 865 1431 885 orans
1443 858 1590 893 judicium
1606 868 1661 896 pro
1680 868 1710 888 se
1725 869 1769 889 re·

986 903 1094 936 portat.
1111 903 1184 930 Nam
1197 903 1267 931 dicit
1282 905 1439 939 Apostolus
1452 905 1462 922 ⁶
1476 915 1483 933 ;
1501 906 1594 934 Gloria
1609 910 1702 935 nostra
1715 908 1769 937 hoec

987 951 1040 982 est,
1064 950 1248 977 testimonium
1267 952 1436 979 conscientioe
1457 956 1564 981 nostroe.
1587 955 1632 982 Est
1650 954 1770 991 insuper

987 1003 1087 1030 orans,
1102 995 1176 1023 sicut
1190 996 1250 1030 ille,
1267 998 1319 1033 qui
1335 1006 1351 1026 a
1363 1006 1433 1034 rege
1449 999 1479 1027 in
1495 1000 1653 1028 obsidione
1666 1001 1770 1037 querit

987 1042 1034 1069 vel
1055 1043 1128 1078 petit
1150 1052 1333 1073 succursum.
1356 1047 1428 1073 Nam
1453 1047 1527 1074 sicut
1547 1047 1596 1075 ille
1619 1049 1670 1084 qui
1692 1051 1770 1078 tenet

987 1091 1116 1117 castrum
1131 1090 1221 1125 regis,
1235 1091 1259 1118 si
1275 1091 1460 1120 obsideretur
1474 1093 1512 1121 ab
1528 1093 1664 1129 inimicis,
1681 1103 1769 1132 repu-

985 1137 1096 1164 taretur
1114 1136 1259 1172 infidelis,
1280 1138 1335 1166 nisi
1356 1142 1483 1168 castrum
1502 1141 1564 1176 regi
1585 1142 1769 1170 denuntiaret

987 1181 1152 1216 obsessum,
1172 1184 1220 1211 vel
1237 1187 1348 1220 peteret
1367 1194 1554 1220 succursum,
1575 1189 1624 1216 vel
1642 1189 1698 1217 nisi
1719 1198 1769 1218 ex-

985 1231 1116 1264 pectaret
1134 1238 1151 1257 a
1170 1238 1239 1266 rege
1260 1232 1413 1266 auxilium,
1431 1235 1479 1262 vel
1499 1235 1522 1262 si
1543 1237 1610 1271 post
1624 1236 1768 1265 auxilium

985 1276 1122 1304 redderet
1135 1277 1270 1306 hostibus
1286 1282 1430 1315 castrum;
1448 1282 1488 1309 sic
1507 1290 1574 1310 cum
1588 1283 1687 1311 hostes
1703 1284 1770 1311 visi·

985 1323 1061 1351 biles
1076 1326 1103 1352 et
1119 1325 1284 1354 invisibiles
1300 1328 1438 1356 obsident
1456 1329 1587 1357 animam
1602 1332 1769 1360 tentationi-

985 1370 1052 1405 bus,
1072 1372 1169 1400 statim
1186 1373 1333 1401 debemus
1349 1377 1417 1410 [tegi
1433 1384 1537 1411 regum
1552 1378 1689 1406 nuntium
1704 1387 1769 1408 ora-

985 1417 1074 1445 tionis
1092 1419 1219 1454 mittere,
1241 1423 1268 1448 et
1283 1421 1472 1450 obsidionem
1490 1423 1674 1460 denuntiare,
1695 1426 1769 1454 sicut

985 1465 1141 1500 Propheta,
1156 1467 1206 1502 qui
1220 1467 1355 1496 dicebat⁷
1368 1478 1374 1496 ε
1393 1470 1541 1498 Concilium
1556 1473 1768 1506 malignantium

985 1511 1088 1538 obsedit
1101 1520 1151 1539 me.
1170 1514 1244 1540 Deus
1260 1514 1339 1542 enim
1354 1523 1415 1543 non
1430 1516 1528 1544 differt
1542 1518 1687 1546 auxilium
1701 1519 1767 1547 mit-

985 1559 1054 1592 tere,
1078 1559 1149 1594 quia
1170 1561 1259 1594 fidelis
1269 1560 1289 1596 ⁸,
1313 1564 1340 1590 et
1359 1563 1455 1590 statim
1475 1563 1562 1592 faciet
1582 1573 1765 1601 succursum,

985 1612 1053 1632 cum
1068 1605 1107 1632 ad
1128 1607 1319 1635 tentationem
1338 1608 1426 1636 fuerit
1443 1613 1629 1646 perventum,
1647 1615 1678 1640 ut
1696 1613 1766 1641 dicit

984 1652 1142 1687 Apostolus
1155 1653 1191 1680 ad
1207 1654 1369 1684 Corinthios.

1020 1699 1102 1733 Item,
1126 1699 1177 1736 qui
1201 1702 1279 1736 orat,
1301 1702 1389 1732 debet
1410 1704 1538 1733 clamare
1562 1706 1637 1735 sicut
1659 1707 1766 1737 clamat

983 1746 1138 1780 parvulus,
1154 1747 1206 1782 qui
1221 1748 1284 1776 vult
1298 1749 1408 1785 ubera;
1426 1751 1500 1779 sicut
1514 1752 1622 1781 clamat
1640 1755 1763 1791 catulus,

985 1800 1053 1819 cum
1073 1793 1159 1821 sentit
1182 1794 1326 1831 verbera3
1351 1799 1378 1824 et
1399 1797 1473 1826 sicut
1495 1799 1602 1828 clamat
1623 1802 1763 1837 populus,

985 1847 1053 1867 cum
1070 1840 1151 1868 videt
1169 1842 1312 1877 pericula.
1333 1845 1380 1871 Est
1396 1844 1495 1880 itaque
1514 1846 1606 1874 homo
1621 1848 1673 1884 qui
1688 1851 1763 1884 orat,

984 1886 1058 1914 sicut
1072 1888 1214 1923 parvulus
1227 1889 1332 1917 volens
1348 1890 1441 1919 ubera
1457 1902 1464 1918 :
1484 1900 1554 1920 nam
1568 1894 1642 1921 sicut
1656 1903 1765 1931 parvu-

983 1932 1029 1960 lus
1050 1933 1158 1961 clamat
1178 1943 1233 1970 pro
1252 1936 1400 1965 desiderio
1420 1938 1502 1966 lactis
1514 1949 1521 1974 3
1543 1940 1584 1968 sic
1605 1941 1660 1969 viri
1680 1943 1764 1978 spiri-

984 1980 1076 2007 tuales
1085 1981 1194 2009 debent
1205 1982 1334 2011 emittere
1346 1985 1493 2013 ululatum
1502 1988 1641 2015 orationis
1650 1989 1764 2017 devotae

983 2034 1038 2061 pro
1058 2027 1203 2055 uberibus
1222 2030 1432 2058 consolationis
1451 2032 1565 2068 divinae,
1584 2034 1669 2069 juxta
1687 2035 1763 2063 illud

984 2073 1067 2107 quod
1081 2073 1187 2101 dicitur
1198 2077 1226 2102 ⁹:
1245 2077 1361 2104 Meliora
1379 2081 1443 2105 sunt
1461 2080 1542 2106 ubera
1562 2083 1610 2108 tua
1624 2084 1696 2110 vino.
1717 2085 1764 2111 Est

984 2118 1072 2146 etiam
1087 2119 1178 2148 homo
1192 2122 1242 2156 qui
1259 2125 1332 2158 orat,
1345 2124 1418 2151 sicut
1430 2126 1543 2153 catulus
1557 2128 1684 2156 sentiens
1698 2137 1763 2157 ver-

983 2165 1056 2193 bera
1073 2176 1079 2193 :
1096 2175 1166 2194 nam
1182 2168 1255 2196 sicut
1271 2170 1395 2205 catulus,
1411 2172 1538 2201 sentiens
1553 2175 1687 2211 verbera,
1704 2177 1762 2205 cla-

983 2214 1044 2239 mat
1062 2213 1138 2248 plus,
1156 2222 1223 2242 cum
1243 2215 1310 2251 plus
1329 2219 1507 2254 percutitur3
1527 2220 1568 2247 sic
1587 2221 1654 2257 plus
1674 2223 1762 2251 debet

983 2258 1111 2287 clamare
1137 2262 1269 2297 orando,
1296 2264 1347 2299 qui
1373 2272 1390 2291 a
1415 2266 1540 2301 Domino
1566 2268 1761 2297 tribulationis

983 2306 1105 2334 verbere
1116 2308 1288 2343 castigatur,
1301 2318 1371 2337 nam
1387 2311 1492 2339 dicitur
1503 2313 1538 2340 ¹⁰:
1552 2315 1597 2341 Ad
1608 2316 1760 2351 Dominum,

983 2360 1041 2380 cum
1061 2355 1217 2389 tribularer,
1236 2358 1288 2383 ete.
1310 2358 1356 2384 Est
1375 2358 1496 2394 insuper
1512 2360 1604 2388 homo
1620 2363 1670 2397 qui
1686 2367 1760 2398 orat,

983 2399 1057 2426 sicut
1071 2401 1200 2436 populus
1216 2402 1320 2430 videns
1337 2405 1469 2439 pericula
1484 2415 1490 2433 :
1507 2407 1580 2435 sicut
1595 2409 1673 2441 enim
1689 2417 1760 2437 con·

983 2447 1079 2474 suevit
1096 2448 1226 2483 populus
1242 2449 1369 2478 clamare
1389 2453 1536 2489 pl‘secipue
1556 2459 1676 2490 propter
1694 2456 1758 2492 tria,

983 2494 1092 2522 scilicet
1115 2498 1217 2524 contra
1241 2505 1365 2533 aquam,
1388 2499 1501 2535 ignem,
1525 2505 1551 2530 et
1576 2503 1691 2539 hostes;
1719 2505 1760 2533 sic

982 2540 1074 2569 homo
1095 2542 1182 2570 debet
1198 2544 1327 2572 emittere
1348 2546 1510 2575 clamorem
1531 2551 1632 2578 contra
1652 2551 1759 2587 triplex

984 2608 992 2622 ⁶
1005 2609 1024 2632 lt
1042 2609 1110 2639 Cor„
1128 2611 1198 2639 1‚12.
1210 2623 1241 2628 —-
1251 2612 1261 2628 ⁷
1271 2612 1339 2636 Psal.
1352 2619 1405 2642 xm,
1424 2615 1461 2637 Π.
1472 2627 1502 2632 ·-
1513 2615 1622 2645 ⁸1Cor.,
1637 2624 1663 2647 x,
1680 2619 1718 2642 «3.
1729 2631 1759 2636 —-—

982 2643 992 2659 ⁸
1006 2644 1120 2675 Cant.,1,
1136 2648 1156 2669 t.
1171 2646 1233 2664 —¹⁰
1245 2647 1309 2671 Fial.
1327 2654 1398 2679 cmx,
1416 2652 1436 2673 ·;.

1014 2687 1048 2718 (a)
1065 2688 1139 2719 Vulg.
1155 2691 1286 2714 seruitutis
1299 2699 1348 2715 sua
1363 2694 1473 2723 scutum,
1488 2695 1634 2719 orationem.
