2004 3037
279 248 338 278 173

277 319 344 341 sum
352 333 362 346 ‚
375 306 539 339 liberalitas
553 307 656 346 quoad
667 308 852 346 proximum.
867 310 941 338 Item
955 304 1054 346 philo-

277 357 382 395 sophia
396 356 518 386 moralis
533 355 676 384 dividitur
690 356 721 384 in
733 355 880 391 ethicam,
895 355 1056 384 oeconomi-

278 413 345 433 cam
355 425 364 439 ,
379 406 408 432 et
419 403 582 441 politicam.
604 403 713 431 aarum
727 403 826 440 prima
840 410 940 431 mores
953 401 1056 439 quoad

277 452 377 488 ipsum
390 451 545 479 hominem
555 471 564 486 ,
580 450 641 478 sive
657 449 760 486 quoad
775 449 905 486 seipsum
919 448 1036 478 instruit
1045 458 1054 485 ς

277 497 409 526 secunda
419 497 564 524 familiam
575 496 707 533 disponit
711 506 720 532 3
734 496 817 524 tertia
827 496 917 524 urbes
927 497 956 524 et
962 500 1056 532 regna

278 543 425 580 gubernat
438 545 466 571 et
479 543 564 579 regit.

311 590 394 618 Circa
407 590 528 618 virtutes
544 589 607 624 ¹hoc
625 589 788 618 tenendum
810 591 868 624 est,
887 588 972 626 qnod
987 596 1056 617 cum

277 637 313 666 sit
326 644 388 665 una
406 636 500 672 gratia
513 635 682 672 gratificans
704 636 851 670 animam,
876 637 990 672 septem
1013 637 1056 662 ta·

277 691 346 712 men
360 684 428 711 sunt
442 683 562 711 virtutes
578 683 688 719 quibus
703 684 836 711 humana
851 683 911 711 vita
924 682 1054 718 regitur:

276 733 334 759 tres
349 730 458 758 scilicet
471 730 664 765 theologicae‚
680 733 708 758 et
729 733 856 766 quatuor
877 728 1054 758 cardinales.

277 779 310 806 Et
322 777 388 805 licet
402 777 446 805 hae
462 777 582 805 virtutes
602 776 660 805 sint
677 777 811 813 gratuitae
825 784 879 813 per
891 775 1056 804 informan-

277 826 337 852 tem
352 824 486 852 divinam
501 824 643 859 gratiam,
661 825 787 860 possunt
800 826 900 852 tamen
915 822 1056 850 informes

277 870 341 899 fieri
355 878 409 907 per
424 871 558 906 culpam,
580 872 609 898 et
621 871 728 898 iterum
745 869 899 899 informari
922 877 975 905 per
991 875 1056 904 poe-

276 917 430 946 niteutIam
448 917 623 945 adveniente
639 917 747 952 gratia,
763 925 830 953 quae
841 918 884 944 est
898 915 1056 943 habituum

277 963 393 992 virtutis
406 964 491 999 origo
503 984 512 997 ,
527 963 595 991 finis
610 965 639 991 'et
656 963 762 991 forma.
783 965 820 991 De
835 963 892 990 hac
906 961 972 998 lege
992 961 1057 989 sola

278 1010 403 1038 charitas
425 1009 579 1046 excipitur,
603 1018 668 1046 quae
683 1009 819 1038 informis
843 1017 906 1037 esse
921 1016 982 1037 non
999 1015 1057 1044 po-

277 1057 345 1086 terit
367 1057 441 1084 sicut
463 1059 571 1084 caeterae
594 1057 730 1092 virtutes,
754 1065 822 1084 cum
853 1056 890 1084 sit
914 1056 1056 1083 virtutum

277 1103 384 1131 forma.
401 1104 473 1131 Nam
487 1111 555 1131 cum
569 1103 689 1131 habitus
707 1103 836 1131 aliarum
849 1102 991 1130 virtutum
1005 1102 1057 1129 ha-

278 1150 385 1177 bentur
409 1150 445 1185 (a)
469 1150 530 1177 sine
556 1150 650 1185 gratia
670 1152 696 1177 et
719 1149 869 1184 charitate,
889 1149 920 1176 in
946 1148 1056 1184 quibus

279 1195 478 1224 consistitvita
487 1196 638 1230 virtutum,
654 1198 722 1223 tunc
737 1197 803 1223 sunt
817 1195 958 1223 informes
969 1204 977 1229 ;
988 1201 1057 1221 cum

279 1245 378 1271 autem
399 1242 494 1277 gratia
511 1243 730 1278 supervenerit,
755 1244 824 1269 tunc
849 1242 1014 1269 formantur
1030 1243 1057 1268 et

280 1289 475 1323 decorantur,
498 1291 525 1316 et
547 1290 605 1316 Deo
635 1289 711 1316 fiunt
736 1288 943 1324 acceptabiles.
975 1287 1056 1314 Unde

279 1336 400 1364 virtutes
415 1335 555 1363 informes
569 1337 637 1363 sunt
652 1335 726 1363 sicut
740 1335 855 1363 colores
868 1335 899 1362 in
914 1333 1055 1368 tenebris,

279 1383 353 1411 sicut
367 1383 511 1410 carbones
533 1382 669 1417 extincti,
691 1385 718 1410 et
732 1382 806 1409 sieut
820 1381 894 1409 rami
916 1380 1012 1414 aridi,
1028 1382 1057 1408 et

279 1431 354 1458 sicut
368 1430 422 1458 alae
437 1432 576 1464 mortuae,
591 1429 666 1457 sicut
680 1436 788 1456 aurum
803 1428 1015 1460 obscuratum,
1031 1429 1058 1454 et

280 1485 405 1512 gemmae
416 1484 565 1504 conversae
578 1476 607 1503 in
620 1475 724 1503 silices.
742 1477 761 1502 E
776 1482 920 1502 converso
935 1474 1059 1501 virtutes

279 1523 412 1551 formatae
433 1525 500 1550 sunt
525 1523 597 1550 sicut
623 1522 738 1550 colores
761 1522 791 1549 in
817 1521 882 1548 luce
896 1541 902 1552 ,
927 1519 1059 1547 visibiles

281 1571 414 1607 quidem,
427 1572 455 1598 et
467 1569 595 1606 aspectui
612 1569 829 1605 complacentes
843 1578 850 1602 ς
867 1570 895 1595 et
909 1567 984 1594 sicut
997 1575 1060 1594 car-

280 1618 374 1645 bones
389 1617 543 1651 ardentes;
560 1619 587 1643 et
602 1617 675 1643 sicut
690 1615 765 1643 rami
783 1616 927 1648 virentes;
945 1616 972 1641 et
986 1613 1060 1640 sicut

281 1665 334 1692 aloe
355 1665 486 1691 viventes
510 1672 544 1690 ae
564 1663 717 1697 volantes;
739 1664 767 1690 et
785 1662 860 1689 sicut
879 1669 986 1688 aurum
1006 1659 1060 1687 ful-

282 1719 369 1746 gcns;
387 1712 414 1737 et
429 1711 501 1738 sicut
522 1718 646 1745 gemmae
662 1718 713 1737 vas
730 1717 852 1736 aureum
875 1708 1058 1735 decorantes.

319 1757 484 1785 Differentia
506 1758 548 1783 est
566 1757 640 1783 inter
663 1756 783 1783 virtutes
799 1758 826 1782 et
844 1756 989 1791 proecepta
1002 1774 1010 1787 ‚
1033 1756 1062 1780 et

283 1803 378 1837 dona,
393 1806 420 1830 et
435 1803 559 1833 fructus,
577 1806 603 1830 et
615 1802 812 1830 beatitudines
829 1810 835 1828 :
855 1801 925 1836 quia
940 1801 1061 1827 virtutes

282 1850 427 1886 potentias
441 1849 614 1885 disponunt,
628 1851 775 1884 praecepta
789 1855 880 1883 opera
891 1846 1061 1882 respiciunt,

283 1897 364 1924 dona
388 1896 528 1932 operibus
554 1895 766 1931 perfectionem
789 1894 920 1926 addunt,
950 1893 1062 1919 fructus

282 1943 451 1971 facultatem
465 1942 599 1978 spiritui,
624 1942 685 1969 sive
701 1941 798 1976 gustui
819 1948 957 1976 saporem
973 1939 1061 1975 spiri-

283 1990 391 2018 tualem
406 1991 580 2025 apponunt,
601 1987 798 2016 beatitudines
820 1987 890 2022 ipsis
906 1986 1063 2013 virtutibus

282 2036 439 2073 praemium
451 2057 458 2069 ,
475 2035 536 2062 sive
561 2035 646 2068 vitre,
663 2034 723 2061 sive
739 2033 840 2069 patriae
865 2033 1060 2068 conjungunt.

283 2083 345 2111 Alia
358 2084 400 2110 est
414 2081 580 2109 differentia
596 2090 602 2108 :
620 2080 691 2117 quia
706 2080 863 2107 virtutibus
887 2080 964 2106 bene
988 2086 1062 2113 ope-

283 2137 393 2162 ramur,
408 2128 494 2156 donis
511 2127 646 2164 expedite
658 2148 667 2160 ‚
684 2126 920 2154 beatitudinibus
935 2125 1062 2162 perfecte

284 2183 453 2211 operamur,
469 2174 522 2202 sed
537 2174 679 2202 fructibus
694 2173 820 2201 fruimur
834 2174 904 2200 Deo.

534 2286 674 2322 CAPUT
703 2286 765 2319 XV
770 2286 810 2319 11.

285 2375 447 2412 Diffcrcrztia
458 2375 588 2400 virtutum.
603 2371 798 2404 cardinalium,
810 2374 834 2397 et
845 2370 1062 2406 theologicarum.

322 2457 487 2487 Differentia
501 2455 642 2483 virtutum
667 2453 902 2489 theologicarum
923 2456 950 2481 et
971 2453 1064 2481 cardi-

285 2506 417 2538 nalium,
433 2504 493 2531 haec
510 2505 566 2535 est,
594 2501 665 2537 quia
690 2500 862 2535 theologicae
885 2502 1006 2527 movent
1024 2499 1063 2527 ad

286 2554 376 2581 finem
385 2574 391 2585 ,
404 2551 457 2578 sed
468 2549 632 2577 cardinales
645 2548 684 2576 ad
695 2556 729 2575 ea
738 2570 745 2582 ,
757 2556 823 2583 quoe
833 2548 949 2575 suntad
960 2548 1061 2575 finem.

286 2600 350 2629 Alia
364 2597 531 2626 differentia
551 2597 610 2630 est,
630 2595 701 2631 quia
724 2595 956 2630 theologicarum
974 2595 1064 2622 virtu-

286 2648 348 2673 tum
363 2645 430 2672 finis
445 2646 473 2672 et
487 2643 638 2679 objectum
656 2643 699 2670 est
713 2641 777 2677 ipse
794 2643 884 2675 Deus3
905 2640 958 2669 sed
972 2641 1064 2669 virtu-

286 2694 349 2719 tum
364 2690 561 2718 cardinalium
575 2689 643 2716 finis
657 2691 696 2716 esi
712 2689 773 2723 ipse
791 2690 875 2721 Deus.
893 2690 920 2715 et
935 2695 994 2715 non
1009 2688 1063 2715 ob-

608 239 866 274 COMPENDmM
886 232 1148 274 THEOLOGICAE
1167 235 1393 274 venturis.
1416 240 1492 274 mn.
1516 240 1554 275 v.

1107 308 1220 344 jectum
1235 308 1357 346 proprie
1378 315 1387 337 τ
1408 309 1480 346 quia
1499 305 1627 338 viffflwe
1638 303 1813 347 Magi&
1832 310 1886 340 ha-

1110 355 1217 384 bentur
1236 363 1291 392 per
1312 356 1493 385 infusionem
1504 366 1513 392 3
1535 356 1708 385 cardinales·
1720 359 1811 393 vero,
1832 364 1888 394 per

1109 402 1344 438 acquisitionem.
1361 404 1432 432 ltem
1445 403 1566 432 virtutes
1579 403 1752 439 theologicae
1765 405 1888 433 movent

1111 448 1150 477 ad
1165 457 1256 486 opera
1271 458 1306 478 ex
1320 450 1486 478 rationibus
1507 450 1631 486 sumptis
1651 458 1670 479 a
1679 450 1747 486 jure
1765 449 1892 487 divino}

1110 496 1164 524 sed
1184 496 1350 525 cardinales
1375 505 1393 525 a
1409 497 1475 532 jure
1499 496 1638 525 naturali.
1671 498 1742 525 ltem
1766 496 1888 525 virtutes

1110 543 1284 578 theologicae
1298 543 1489 571 attenduntur
1504 545 1650 580 quantum
1663 542 1799 572 adactus
1813 542 1888 571 inte-

1110 589 1218 624 riores;
1242 589 1409 618 cardinales
1430 598 1502 618 vero
1517 612 1526 625 ,
1552 590 1591 618 ad
1615 597 1708 627 opera
1730 589 1886 618 exteriora.

1110 637 1182 664 Item
1195 636 1317 664 virtutes
1328 636 1504 672 theologicae
1517 644 1580 665 non
1594 635 1743 664 habentur
1756 635 1819 664 sine
1833 635 1888 665 do-

1111 682 1176 718 nis3
1191 682 1357 711 cardinales
1370 691 1442 711 vero
1456 682 1519 712 sine
1533 683 1621 711 donis
1634 683 1738 711 haberi
1753 684 1886 719 possunt.

1111 731 1182 758 ltem
1194 729 1317 757 virtutes
1330 729 1505 765 theologicae
1515 731 1583 758 sunt
1595 729 1757 758 discretivae
1768 731 1888 758 actuum

1111 775 1143 803 in
1157 776 1248 803 Deum
1254 785 1262 810 3
1279 775 1446 804 cardinales
1465 784 1554 811 vero,
1569 777 1600 804 in
1614 776 1797 813 proximum.
1818 777 1888 804 item

1111 821 1143 849 in
1157 821 1332 857 theologicis
1345 822 1387 850 sic
1401 824 1445 850 est
1458 823 1542 858 quod
1560 820 1679 851 habitus
1701 823 1823 859 generat
1839 829 1888 850 ac-

1112 870 1174 902 tus;
1188 868 1287 896 sedin
1307 868 1510 897 cardinalibus
1525 871 1598 897 este
1612 871 1732 903 contra,
1752 868 1824 905 quia
1846 867 1892 897 ihi

1111 916 1193 942 actus
1208 917 1349 950 generant
1363 915 1398 951 (ὸ)
1416 915 1544 944 habitus.
1566 915 1649 944 Unde
1670 914 1867 951 Philosophus
1879 921 1891 943 τ

1115 971 1128 986 «
1143 961 1249 995 Quales
1258 982 1269 997 ‚
1283 961 1380 998 inquit
1390 983 1399 997 ,
1413 964 1490 998 {sunt
1502 964 1600 997 actus,
1616 962 1689 991 tales
1702 963 1770 990 sunt
1790 963 1820 990 et
1835 961 1890 990 ha·

1112 1008 1201 1036 bitus.
1213 1018 1228 1035 ν

1355 1089 1499 1123 CAPUT
1521 1089 1644 1124 xvlll.

1228 1169 1266 1196 De
1283 1168 1432 1196 virtutibus
1451 1169 1605 1203 theologicis
1624 1170 1657 1196 in
1671 1175 1774 1203 genere.

1148 1243 1269 1277 Anima,
1288 1246 1434 1279 quantum
1455 1242 1494 1271 ad
1517 1243 1702 1279 superiorem
1721 1243 1837 1279 partem
1860 1242 1893 1271 in*

1115 1297 1175 1326 qua
1191 1289 1324 1317 consistit
1338 1289 1439 1325 imago
1454 1290 1617 1325 Trinitatis,
1632 1289 1787 1318 rectificari
1800 1288 1893 1318 habet*

1112 1344 1166 1372 per
1180 1339 1237 1364 tres
1252 1336 1372 1364 virtutes
1386 1336 1578 1372 theologicas.
1599 1337 1680 1365 Unde
1698 1337 1772 1365 sicut
1790 1336 1889 1372 imago

1113 1383 1256 1411 creatoris
1277 1383 1408 1411 consistit
1435 1383 1466 1411 in
1490 1383 1616 1414 trInitate
1641 1391 1837 1419 personarum
1863 1384 1891 1411 et

1113 1430 1223 1457 unitate
1238 1429 1385 1462 essentiae,
1408 1430 1450 1457 sic
1473 1429 1573 1465 imago
1588 1429 1777 1458 recreationis
1791 1429 1822 1457 in
1837 1429 1889 1457 tri-

1113 1476 1202 1504 nitate
1223 1475 1379 1503 habituum
1400 1484 1467 1504 cum
1487 1477 1598 1504 unitate
1621 1477 1731 1512 gratiae.
1757 1477 1811 1505 Per
1834 1475 1890 1504 hos

1115 1527 1213 1552 autem
1238 1527 1295 1552 tres
1318 1524 1435 1551 habitus
1460 1524 1600 1552 virtutum
1624 1524 1725 1552 anima
1746 1523 1837 1552 fertur
1860 1523 1891 1552 in

1114 1579 1263 1598 summam
1277 1571 1444 1598 Trinitatem
1454 1571 1618 1598 secundum
1631 1571 1685 1598 tria
1700 1570 1893 1607 appropriata

1115 1617 1209 1644 tribus
1226 1617 1360 1653 personis
1377 1627 1383 1644 :
1403 1618 1442 1644 ita
1457 1617 1541 1653 quod
1555 1617 1630 1645 fides
1644 1617 1744 1652 dirigit
1762 1617 1793 1645 in
1811 1625 1891 1645 sum·

1115 1672 1161 1691 rue
1173 1672 1291 1697 verum,
1305 1664 1455 1692 credendo
1472 1666 1500 1691 et
1513 1663 1698 1692 assentiendo
1704 1673 1711 1698 ;
1729 1672 1796 1700 spes
1808 1671 1891 1699 vero,

1115 1710 1146 1737 in
1160 1718 1275 1738 summe
1292 1710 1435 1744 arduum,
1457 1710 1611 1738 innitendo
1636 1713 1664 1738 et
1686 1710 1889 1746 expectand03

1116 1756 1242 1783 charitas
1254 1758 1364 1791 autem,
1377 1756 1408 1783 'in
1423 1764 1538 1784 summe
1553 1757 1679 1791 bonum,
1691 1756 1891 1785 desiderando

1115 1806 1141 1830 et
1157 1803 1298 1830 amando.

1152 1849 1274 1876 Virtutes
1295 1848 1468 1884 theologicae
1490 1849 1631 1876 differunt
1649 1849 1724 1877 inter
1744 1857 1775 1877 se
1792 1849 1890 1878 multi-

1116 1895 1239 1931 pliciter.
1257 1895 1364 1929 Primo,
1381 1895 1546 1922 secundum
1556 1898 1637 1923 actus
1651 1895 1788 1931 proprios
1802 1905 1809 1923 τ
1822 1903 1892 1925 nam

1115 1942 1190 1969 fides
1206 1941 1273 1968 facit
1288 1943 1347 1969 Deo
1363 1941 1514 1976 assentire,
1529 1950 1596 1978 spes
1611 1942 1641 1970 in
1657 1944 1714 1970 Deo
1730 1942 1892 1977 confidere,

1116 1988 1242 2016 charitas
1256 1988 1324 2015 facit
1340 1989 1430 2016 Deum
1445 1988 1579 2023 diligere.
1602 1989 1738 2016 Secundo
1754 1988 1894 2017 differunt

1116 2035 1228 2062 ratione
1250 2034 1397 2069 subjecti,
1423 2034 1493 2070 quia
1516 2034 1591 2062 fides
1616 2037 1658 2062 est
1680 2035 1711 2062 in
1735 2035 1893 2069 rationali,

1116 2089 1182 2116 spes
1193 2081 1224 2108 in
1234 2081 1390 2114 irascibili,
1403 2081 1530 2108 charitas
1540 2081 1569 2108 in
1581 2081 1804 2116 concupiscibili
1818 2090 1824 2108 :
1841 2080 1893 2109 sed

1117 2128 1212 2155 ambae
1231 2130 1299 2155 sunt
1317 2128 1347 2155 in
1362 2127 1529 2161 voluntate,
1553 2135 1635 2162 quae,
1651 2129 1771 2162 propter
1791 2127 1892 2155 simili-

1118 2174 1249 2201 tudinem
1270 2176 1388 2201 actuum
1405 2174 1510 2209 accipit
1524 2174 1646 2201 nomina
1660 2174 1767 2201 harum
1789 2176 1892 2210 poten-

1117 2221 1233 2248 tiarum.
1254 2220 1347 2247 Tertio
1369 2219 1509 2247 differunt
1530 2219 1643 2247 ratione
1665 2220 1771 2255 objecti
1795 2229 1800 2246 :
1822 2227 1893 2248 nam

1117 2266 1191 2294 fides
1203 2268 1245 2294 est
1259 2266 1337 2293 eirea
1347 2274 1464 2299 verum;
1478 2274 1544 2302 spes
1553 2287 1562 2300 ‚
1578 2267 1654 2294 circa
1666 2266 1811 2301 arduum;
1827 2266 1894 2294 cha-

1117 2313 1196 2346 ritas,
1213 2312 1290 2339 circa
1305 2312 1430 2339 bonum.
1443 2313 1562 2346 Quarto,
1576 2313 1689 2340 ratione
1704 2312 1823 2340 effectus
1839 2311 1893 2339 dif-

1116 2359 1213 2386 serunt
1228 2367 1234 2385 ε
1251 2366 1321 2385 nam
1340 2358 1415 2386 fides
1430 2359 1460 2385 in
1479 2359 1613 2394 praesenti
1634 2360 1724 2387 Deum
1745 2359 1892 2394 sequitur-5

1117 2413 1184 2440 spes
1198 2404 1228 2431 in
1251 2404 1359 2431 coelum
1380 2405 1552 2438 comitatum
1578 2405 1703 2433 charitas
1725 2405 1893 2440 perenniter

1117 2451 1312 2487 amplexatur.
1321 2451 1428 2484 Quinto
1437 2451 1577 2479 differunt
1585 2452 1698 2479 ratione
1704 2451 1891 2486 cognitionis,

1118 2498 1188 2534 quia
1203 2505 1256 2533 per
1270 2497 1362 2524 fidem
1373 2498 1561 2533 cognoscitur
1577 2499 1650 2525 Deus
1666 2501 1697 2526 ut
1710 2498 1827 2533 veritas,
1840 2505 1894 2534 per

1118 2553 1200 2581 spem
1214 2544 1339 2572 habetur
1352 2547 1383 2572 ut
1396 2545 1556 2580 aeternitas,
1575 2552 1629 2580 per
1642 2545 1814 2574 charitatem
1829 2544 1893 2573 dili-

1119 2592 1196 2628 gitur
1210 2593 1243 2619 ut
1257 2591 1385 2620 bonitas.

1151 2692 1183 2721 (a)
1197 2692 1258 2714 (ἶφι,
1273 2690 1332 2714 edel.
1349 2691 1513 2714 habeatur.--
1530 2691 1562 2721 (b)
1576 2696 1689 2724 generat.
