2004 3037
867 227 996 262 CAPUT
1016 229 1068 262 Xl.

157 296 300 325 Dominus
313 295 388 326 dure
401 296 531 333 punivit,
546 297 641 333 Num„
658 304 719 332 xx,
743 303 812 325 cum
833 298 932 325 tamen

157 350 251 380 usque
266 344 336 372 tunc
349 345 409 372 tam
427 345 527 372 sancte
547 345 576 372 et
598 343 726 372 fideliter
745 351 777 372 se
791 342 931 380 gesisset‚

157 391 216 418 tam
232 389 272 418 ad
286 391 377 418 Deum
387 412 396 426 ,
411 399 504 428 quam
518 391 558 419 ad
575 391 733 428 populum.

191 437 266 466 Misit
283 438 424 466 Dominus
441 439 590 474 serpentes
604 437 713 473 ignitos
725 437 756 466 in
769 436 929 474 populum,

156 484 228 521 qula
248 484 390 513 taeduerat
410 492 461 512 eos
482 484 593 512 itineris
616 487 645 513 et
659 483 789 519 laboris,
805 485 833 512 et
846 483 930 512 dixe-

155 533 240 559 rant:
259 541 272 557 ιι
287 532 381 566 Quare
402 531 528 559 eduxisti
549 539 604 559 nos
615 533 630 559 ⁹!
643 541 656 558 »
675 532 741 566 etc.,
758 532 852 565 Num„
867 537 928 558 xxi.

166 599 167 602 η
190 578 287 606 Achor
301 585 369 606 cum
393 579 454 606 tota
474 577 648 614 supellectili
667 586 720 606 sua
738 577 843 614 periit,
859 576 930 614 quia

154 623 260 652 tulerat
272 624 309 652 de
326 623 510 652 anathemate
526 624 642 652 Jericho
652 645 661 659 ,
675 625 765 659 Josue,
780 632 830 652 vu.

189 671 244 699 Pro
270 673 391 707 peccato
416 670 446 698 in
473 679 598 699 uxorem
621 671 724 699 Levitoe
748 670 906 699 commisso
918 689 928 705 ,

153 718 214 746 tota
236 717 329 745 tribus
355 717 507 753 Benjamin
519 738 529 752 ‚
553 718 681 754 exceptis
709 718 852 746 sexcentis
874 717 929 746 ho-

152 764 293 798 minibus,
302 764 355 792 suit
369 765 495 792 Domino
505 764 627 800 jubente
639 765 747 799 deleta,
758 765 862 800 sudio„
876 772 926 793 xx.

188 811 249 839 lleli
267 814 422 848 peccantes
443 811 521 839 filios
541 811 682 847 corripuit
697 811 745 848 (a),
760 811 812 839 sed
830 811 927 847 lente;

153 859 274 894 propter
289 857 372 894 quod
384 858 444 895 ipse
459 858 489 886 in
505 858 546 886 eis
562 860 590 886 et
604 866 672 886 cum
687 858 728 886 eis
742 858 862 894 punitus
874 859 927 893 est,

153 905 256 939 inea„
281 913 302 932 11
321 906 349 932 ct
375 912 414 933 iv,
442 905 519 939 Quid
539 913 609 940 ergo
632 905 669 933 dc
689 905 763 939 illis,
777 904 829 941 qui
850 904 928 933 filios

152 958 221 978 suos
242 959 304 979 non
329 951 510 987 corripiunt,
525 952 578 980 sed
600 951 722 980 incitant
744 951 784 980 ad
812 951 926 980 malum

151 997 249 1025 verbis
264 999 291 1025 et
305 998 448 1034 exemplis
457 999 470 1025 ‘2

187 1045 261 1078 Quia
275 1044 344 1073 Saul
359 1045 507 1073 obtulerat
524 1044 699 1073 holocausta
719 1046 822 1073 contra
842 1053 926 1074 man-

150 1091 218 1119 data
236 1091 395 1126 Samuelis,
412 1091 587 1127 reprobatus
603 1093 661 1126 est,
677 1093 686 1120 1
701 1093 778 1127 Rea„
793 1100 856 1121 xiii.

186 1139 273 1174 item,
289 1138 359 1174 quia
381 1140 463 1174 Agag
484 1146 588 1174 regem
614 1138 732 1167 Amalec
757 1141 784 1167 et
803 1147 924 1176 gregem

149 1185 251 1212 ovium
265 1185 437 1220 reservavit,
451 1187 461 1213 l
476 1186 551 1220 Rea„
562 1192 618 1214 nv.

183 1233 305 1268 Propter
329 1233 484 1268 peccatum
505 1232 573 1260 Saul
600 1232 693 1268 puniti
719 1234 787 1261 sunt
811 1233 856 1260 illi
886 1233 923 1261 de

149 1278 240 1306 domo
255 1287 308 1306 sua
319 1300 327 1314 ‚
339 1281 367 1307 et
380 1281 448 1315 post
461 1280 588 1306 mortem
601 1279 680 1314 ejus,·
696 1281 724 1307 et
736 1282 857 1316 propter
872 1288 922 1309 eos

147 1324 224 1354 facta
236 1327 279 1353 est
292 1325 384 1353 fames
399 1326 429 1353 in
443 1327 539 1360 terra,
554 1327 576 1354 ΙΙ
591 1327 668 1361 Rea„
683 1335 725 1355 x1.

156 1392 160 1396 -
182 1372 352 1400 Adducente
365 1372 456 1401 David
467 1381 566 1400 arcam
582 1373 631 1401 Dei
643 1381 732 1409 super
745 1373 920 1410 plaustrum,

148 1419 203 1448 Osa
218 1419 310 1448 tenuit
324 1427 391 1448 eam
404 1427 441 1447 ne
456 1419 589 1454 caderet,
603 1420 675 1456 quia
689 1420 744 1448 bos
765 1420 921 1449 lasciviens

146 1465 339 1495 inclinaverat
361 1474 451 1501 eam3
474 1469 501 1494 et
521 1466 664 1502 percussit
688 1475 757 1495 eum
781 1467 921 1496 Dominus

146 1520 235 1549 super
249 1513 425 1547 temeritate,
437 1512 487 1549 qui
498 1515 631 1540 mortuus
644 1515 686 1541 est
696 1513 747 1548 ibi,
760 1515 781 1542 ll
793 1516 868 1549 Ιίες]υ
880 1523 918 1542 vi.

181 1560 369 1596 Septuaginta
394 1560 456 1588 duo
493 1559 586 1588 millia
619 1560 776 1588 hominum
803 1562 920 1589 mortua

145 1609 213 1634 sunt
234 1609 355 1643 propter
380 1607 539 1635 elationem
565 1607 673 1642 David,
701 1607 824 1644 quando
851 1607 920 1636 fecit

144 1653 292 1690 populum
306 1654 474 1687 numerari,
487 1655 517 1681 111
533 1656 611 1688 Req„
623 1661 704 1681 xxiv.

179 1700 228 1727 Vir
243 1699 309 1734 Dei,
326 1700 377 1735 qui
391 1700 472 1727 venit
487 1700 524 1727 de
543 1700 633 1735 Juda,
650 1703 678 1728 et
691 1701 837 1729 nuntiavit
855 1701 920 1730 Hie-

143 1746 268 1774 roboam
283 1746 505 1774 succensionem
521 1747 632 1774 ossium
643 1747 829 1775 sacerdotum
843 1749 918 1784 ejus,

143 1793 257 1821 occisus
270 1793 324 1820 fuit
339 1801 356 1820 a
370 1793 474 1828 leone,
487 1801 523 1821 eo
538 1794 622 1829 quod
641 1797 744 1822 contra
757 1795 917 1831 imperium

142 1839 259 1867 Domini
287 1840 416 1867 comedit
443 1848 553 1876 panem
579 1841 611 1868 in
639 1841 731 1869 domo
760 1842 916 1877 cujusdam

142 1886 213 1914 mali
227 1886 395 1922 prophetae,
409 1887 442 1914 111
456 1887 534 1920 Rea,
548 1895 610 1915 xm.

177 1932 456 1971 Quadiiagintaqduo
471 1933 555 1968 pueri
570 1933 688 1961 fuerunt
702 1942 720 1961 a
736 1934 854 1963 duobus
869 1943 917 1963 ur-

141 1979 180 2007 sis
199 1979 335 2014 lacerati,
350 1987 405 2015 pro
422 1987 456 2007 eo
471 1980 554 2015 quod
573 1980 725 2008 illuserant
748 1981 849 2011 Elisaeo
871 1982 916 2010 di-

141 2029 258 2054 centes:
277 2036 290 2053 ι(
306 2026 435 2054 Ascende
451 2026 551 2060 calve,
567 2037 579 2052 »
597 2027 630 2054 lV
642 2028 718 2062 Rem,
734 2035 764 2055 n.

177 2073 205 2101 Si
220 2074 280 2100 tam
295 2073 421 2108 graviter
435 2073 572 2109 punitum
585 2073 639 2101 fuit
654 2076 809 2109 peccatum
822 2075 915 2110 Giezi‚

140 2119 191 2155 qui
205 2119 315 2155 accepit
337 2127 463 2147 munera
476 2128 493 2147 a
508 2121 639 2148 Naaman
661 2121 730 2148 satis
748 2121 915 2151 voluntarie

141 2166 224 2201 data,
241 2165 315 2202 quid
338 2165 392 2194 erit
413 2166 449 2194 de
472 2166 552 2201 illis,
572 2167 623 2203 qui
651 2167 801 2203 accipiunt
821 2169 915 2197 multa

138 2212 341 2240 fraudulenter
371 2215 475 2241 exacta
490 2233 500 2247 ,
528 2213 576 2241 vel
603 2213 750 2242 violenter
777 2216 915 2244 extorta?

138 2259 173 2287 lv
187 2261 265 2294 Κεφ,
280 2267 311 2287 v.

175 2306 257 2335 Ozias
270 2313 323 2334 rex
335 2305 412 2334 Juda
426 2305 504 2342 cepit
517 2306 703 2335 thuribulum
711 2328 719 2343 ,
731 2310 759 2336 et
772 2316 856 2337 more
870 2316 914 2337 sa-

140 2355 293 2381 cerdotum
305 2353 402 2381 voluit
420 2352 541 2381 adolere
560 2353 735 2389 incensum,
755 2355 912 2392 statimque

139 2402 202 2428 orta
217 2403 259 2429 est
272 2400 356 2436 lepra
369 2400 400 2428 in
413 2400 508 2428 fronte
524 2400 606 2436 ejus,
621 2402 643 2430 11
655 2402 792 2437 Paralip„
806 2410 886 2431 xxvi.

174 2446 247 2480 Quia
261 2447 395 2475 Ezechias
410 2446 538 2474 ostendit
552 2447 721 2475 thesaurum
735 2457 822 2476 suum
837 2457 912 2477 nun-

138 2492 184 2519 tiis
201 2493 278 2527 regis
298 2493 477 2528 Babylonis,
497 2493 594 2521 amisit
620 2502 703 2529 eum,
723 2503 792 2522 cum
814 2497 911 2524 tamen

138 2538 182 2566 illi
196 2538 234 2566 de
252 2540 329 2567 terra
348 2539 515 2576 longinqua
528 2539 691 2575 venissent,
707 2543 735 2569 et
753 2542 911 2571 videbatur

139 2583 221 2620 quod
235 2584 366 2614 laetanter
379 2587 470 2622 recipi
484 2586 674 2623 debuissent,
692 2589 723 2616 lV
738 2590 814 2624 Rea„
830 2597 878 2618 xx.

170 2684 203 2715 (a)
218 2683 279 2708 Coet.
292 2683 355 2708 edit.
369 2684 483 2715 corripit.

1707 236 1761 266 50¹

1021 297 1167 334 Populum
1195 298 1376 334 peculiarem
1403 301 1432 328 et
1465 299 1607 329 dilectum
1642 300 1765 331 tradidit

985 345 1060 373 Deus
1081 344 1112 373 in
1129 344 1269 374 manibus
1289 346 1576 383 Nabuchodonosor,
1598 348 1652 385 qui
1672 349 1766 377 totam

985 394 1103 427 gentem
1125 393 1283 423 crudeliter
1306 395 1480 430 captivavit,
1503 399 1636 425 sanctam
1660 397 1763 426 civita-

984 441 1044 469 tem
1058 441 1239 478 combussit,
1254 443 1282 471 et
1295 443 1441 480 templum
1457 443 1614 480 destruxit,
1629 445 1663 473 1v
1682 446 1761 481 Rea„

984 495 1051 516 xxv.

1022 543 1036 560 α
1052 536 1106 563 Pro
1121 542 1156 564 eo
1172 536 1255 571 quod
1270 535 1390 565 elevatae
1402 538 1469 565 sunt
1482 537 1551 566 sillae
1564 536 1650 573 Sion,
1661 548 1675 564 n
1694 539 1763 574 etc.,

984 581 1139 617 sequitur:
1158 583 1243 611 «Erit
1263 591 1318 619 pro
1333 584 1417 612 suavi
1437 584 1531 613 odore
1555 584 1657 619 foetor,
1672 595 1686 612 n
1705 586 1760 613 etc.

985 638 998 656 «
1013 629 1203 657 Pulcherrimi
1220 638 1342 667 quoque
1356 630 1413 659 viri
1428 631 1468 659 tui
1485 631 1586 667 gladio
1601 632 1719 667 cadent,
1733 634 1762 661 et

981 674 1069 704 fortes
1084 675 1124 704 tui
1140 676 1170 704 in
1185 676 1300 712 praelio.
1314 687 1328 704 >i
1345 678 1414 713 Isa.,
1431 685 1472 706 111.

1017 724 1110 759 Reges
1125 723 1286 759 Babylonis
1305 723 1384 752 filios
1399 724 1488 753 lsrael
1502 724 1662 754 crudeliter
1681 727 1758 755 trac-

981 771 1116 798 taverunt
1122 779 1130 805 3
1145 771 1249 807 postea
1264 771 1352 799 etiam
1366 771 1421 807 ipsi
1437 779 1505 800 cum
1518 772 1628 808 inclyta
1643 773 1759 802 civitate

981 824 1034 844 sua
1048 816 1166 844 fuerunt
1180 817 1340 852 destructi,
1358 818 1433 846 sicut
1451 818 1580 847 minatur
1602 819 1759 856 Dominus,

982 863 1048 896 Isa„
1063 871 1124 897 xm,
1139 871 1206 899 xiv,
1223 866 1250 892 et
1264 865 1396 900 merem„
1411 873 1427 894 L
1442 867 1470 893 et
1480 873 1519 894 u.

1016 911 1055 938 De
1069 918 1159 946 poena
1178 918 1232 947 pcr
1251 911 1404 940 chaldaeos
1429 912 1535 940 Judaeis
1561 911 1658 949 illata,
1691 913 1760 942 dicit

979 957 1121 986 Dominus
1139 965 1192 993 per
1207 958 1382 986 Hieremiam
1399 968 1406 987 :
1427 967 1441 986 «
1455 960 1546 996 Plaga
1560 960 1674 989 inimici
1688 969 1758 997 per-

980 1003 1056 1032 cussi
1077 1005 1120 1038 te,
1137 1004 1328 1040 castigatione
1344 1006 1458 1034 crudeli
1471 1027 1480 1041 ,
1495 1017 1508 1034 n
1525 1009 1580 1035 etc.
1594 1009 1672 1043 Hier,
1689 1015 1756 1037 xxx.

1014 1050 1191 1079 Heliodorus
1213 1052 1268 1080 fuit
1281 1052 1410 1087 graviter
1424 1052 1607 1089 flagellatus,
1623 1062 1659 1082 eo
1674 1055 1758 1091 quod

978 1096 1138 1125 viduarum
1151 1100 1178 1126 et
1191 1099 1376 1135 pupillarum
1392 1099 1528 1136 deposita
1542 1100 1639 1129 voluit
1653 1109 1757 1138 aspor-

978 1146 1049 1172 tare.
1063 1145 1086 1173 ll
1101 1146 1237 1180 Machab„
1252 1153 1294 1174 111.

1013 1191 1174 1219 Antiochus
1187 1200 1239 1220 rex
1253 1192 1307 1220 fuit
1317 1200 1352 1221 ea
1363 1193 1468 1228 grandi
1480 1193 1572 1230 plaga
1586 1203 1755 1232 percussus,

977 1239 1009 1265 ut
1024 1238 1061 1266 de
1077 1246 1201 1275 corpore
1216 1238 1301 1275 impii
1322 1248 1437 1268 vermes
1452 1241 1645 1277 scaturirent3
1661 1243 1756 1272 odore

978 1284 1066 1313 etiam
1076 1285 1154 1313 iliius
1161 1293 1196 1314 ac
1205 1285 1309 1315 foetore
1320 1286 1464 1315 exercitus
1474 1290 1655 1324 gravaretur.
1665 1291 1688 1319 ll
1696 1291 1757 1318 Μα-

977 1332 1065 1364 οήαὸ,,
1078 1339 1118 1361 ix.

1012 1379 1136 1407 Servum
1157 1386 1307 1416 nequam,
1331 1379 1384 1416 qui
1403 1380 1500 1410 nolnit
1518 1381 1666 1411 dimittere
1685 1390 1756 1412 con-

976 1432 1061 1453 servo
1085 1434 1141 1454 suo
1167 1428 1287 1454 centum
1313 1426 1452 1456 denarios
1463 1449 1473 1463 ‚
1501 1428 1643 1457 dominus
1665 1430 1756 1458 iratus

975 1472 1096 1500 tradidit
1111 1473 1291 1508 tortoribus,
1312 1474 1512 1511 quoadusque
1532 1476 1670 1504 redderet
1687 1477 1752 1505 uni-

974 1525 1094 1546 versum
1110 1519 1255 1547 debitum.
1272 1520 1385 1555 matth„
1401 1529 1477 1549 xvm.

992 1583 993 1587 ,
1010 1565 1146 1593 Inutilem
1160 1574 1294 1601 servum,
1312 1567 1364 1603 qui
1384 1567 1525 1596 traditum
1539 1568 1597 1597 sibi
1616 1577 1679 1598 non
1693 1572 1753 1598 stu-

974 1610 1039 1639 duit
1052 1612 1249 1648 multiplicare
1274 1613 1436 1649 talentum,
1455 1615 1587 1652 praecipit
1611 1616 1752 1646 dominus

973 1656 1045 1693 illo,
1064 1659 1148 1695 quod
1166 1659 1326 1695 habuerat,
1345 1661 1488 1697 spoliari,
1511 1663 1541 1690 et
1558 1661 1589 1690 in
1613 1664 1754 1693 tenebras

973 1705 1132 1733 exteriores
1147 1706 1224 1742 ejici.
1239 1708 1352 1743 Matth„
1367 1715 1433 1736 xxv.

1007 1753 1097 1780 Fraus
1115 1753 1167 1781 illa
1187 1762 1278 1790 quam
1297 1754 1444 1784 commisit
1463 1756 1612 1793 Ananias,
1633 1758 1747 1788 conscia

972 1799 1096 1836 Saphira
1110 1808 1203 1829 uxore
1217 1809 1291 1837 sua,
1318 1802 1403 1838 gravi
1423 1802 1479 1830 fuit
1502 1803 1614 1832 ultione
1635 1805 1748 1841 punita.

971 1847 1050 1880 Act„
1068 1854 1096 1875 v.

1006 1894 1136 1921 Herodes
1148 1894 1270 1923 vestItus
1279 1895 1359 1923 veste
1369 1896 1464 1931 regali
1478 1905 1486 1930 ς
1499 1896 1621 1925 sedebat
1630 1905 1685 1933 pro
1702 1898 1750 1926 tri-

972 1940 1075 1967 bunali
1085 1941 1230 1977 ;populus
1239 1944 1336 1970 autem
1346 1943 1530 1971 acclamabat
1547 1952 1553 1971 :
1568 1954 1581 1970 «
1591 1944 1638 1971 Dei
1649 1953 1748 1980 voces,

972 1988 1000 2013 et
1014 1994 1075 2014 non
1086 1987 1226 2016 hominis.
1242 1998 1255 2014 >›
1272 1989 1431 2016 Confestim
1442 1997 1511 2025 ergo
1522 1991 1664 2026 percussit
1679 1999 1748 2019 eum

971 2033 1098 2068 Angelus
1112 2034 1249 2069 Domini,
1269 2042 1304 2063 eo
1320 2035 1404 2071 quod
1421 2043 1483 2063 non
1505 2036 1634 2065 dedisset
1653 2037 1749 2065 hono-

970 2086 1035 2107 rem
1049 2080 1123 2115 Deo,
1139 2083 1167 2109 et
1180 2083 1374 2118 consumptus
1388 2090 1406 2111 a
1421 2083 1575 2112 vermibus
1589 2084 1746 2120 expiravit.

971 2126 1046 2158 Act„
1063 2134 1112 2154 ΧΠ.

1246 2208 1389 2243 CAPUT
1412 2209 1472 2244 XI.

1175 2286 1213 2314 De
1232 2288 1277 2314 ira
1296 2287 1361 2323 Dei,
1380 2289 1424 2316 vel
1440 2290 1542 2324 farore.

1004 2360 1145 2396 Attende,
1163 2361 1247 2398 quod
1265 2363 1431 2393 secundum
1444 2365 1668 2401 Augustinum¹,
1690 2367 1744 2395 lib.

967 2406 1023 2440 XV,
1038 2406 1072 2434 de
1087 2407 1202 2436 Ciuitate
1216 2410 1270 2437 Dei
1282 2430 1293 2444 ,
1320 2419 1334 2437 ε(
1359 2410 1404 2439 ira
1418 2411 1469 2439 Dei
1484 2420 1545 2441 non
1560 2413 1744 2449 perturbatio
1759 2435 1762 2438 .

968 2453 1061 2481 animi
1085 2455 1148 2489 ejus
1171 2456 1236 2491 est,
1260 2456 1314 2484 sed
1335 2457 1483 2492 judicium
1513 2467 1573 2495 quo
1596 2459 1744 2495 irrogatur

967 2506 1057 2534 poena
1081 2504 1203 2536 peccato
1219 2511 1227 2530 ;
1243 2503 1383 2538 cogitatio
1398 2512 1470 2533 vero
1486 2505 1548 2541 ejus
1559 2526 1569 2540 ‚
1589 2507 1616 2533 et
1630 2506 1744 2542 recogi·

968 2546 1037 2573 tatio
1049 2548 1261 2577 mutandarum
1274 2558 1375 2578 rerum
1389 2553 1432 2579 est
1445 2551 1639 2580 immutabilis
1650 2553 1742 2581 rano:

966 2599 1065 2629 neque
1083 2594 1182 2630 enlm,
1202 2596 1277 2625 sieut
1294 2597 1431 2626 homines
1441 2618 1450 2633 ,
1470 2598 1511 2627 ita.
1531 2600 1625 2627 Deum
1645 2600 1744 2635 quus-

999 2691 1006 2707 ¹
1021 2693 1095 2723 Aug„
1111 2693 1142 2717 de
1157 2693 1234 2718 Civz't.
1251 2695 1311 2725 Dei,
1326 2696 1369 2720 lib.
1386 2696 1440 2727 XV,
1456 2704 1479 2721 c.
1495 2703 1555 2721 xxv.
