2004 3037
505 196 556 228 DE
578 194 772 229 OPERIBUS
795 194 1041 227 CONDITORIS.
1064 196 1152 229 CAP.
1175 198 1278 231 LXVI.

82 267 164 294 extra
178 273 233 293 nos
243 285 252 299 ‚
273 265 301 292 et
315 271 376 292 non
390 263 502 292 habent
521 265 687 300 peccatum.
710 262 791 291 Unde
805 265 862 292 Au-

82 311 235 348 gustinus:
254 321 268 337 α
282 310 412 339 Tentatio
432 310 480 339 cui
503 317 565 338 non
585 309 776 344 consentitur,
799 316 861 337 non

82 360 124 387 est
136 360 302 395 peccatum,
319 357 372 386 sed
387 356 511 385 materia
525 356 697 384 exercendae
707 355 832 384 virtutis.
844 366 858 382 »

81 406 192 434 Tertius
215 405 324 433 modus
349 404 481 433 tentandi
504 405 548 432 est
567 404 645 432 intra
667 411 743 432 nos:
769 405 798 431 et
820 405 862 432 est

81 455 236 489 peccatum
250 451 386 486 veniale,
408 459 477 479 cum
495 450 610 487 primus
626 453 726 479 motus
745 453 787 479 est
801 452 862 479 tan-

81 501 163 534 tum;
179 498 232 527 sed
245 497 380 532 mortale,
396 497 421 525 si
433 505 593 526 consensus
606 497 769 525 advenerit.
786 498 862 526 Con-

81 547 125 574 tra
143 545 300 582 praedictos
321 545 480 572 tentatores
503 544 586 572 dedit
605 543 693 572 nobis
713 546 788 572 Deus
805 543 862 573 tria

81 592 212 621 remedia
231 600 237 619 :
254 591 325 627 quia
344 592 447 619 contra
464 591 622 619 diabolum
640 591 786 619 habemus
801 592 861 627 spi-

83 639 156 668 ritus
170 640 198 667 et
212 637 335 674 angelos
355 638 453 665 bonos
465 657 472 670 ,
495 637 547 674 qui
561 637 601 665 ad
615 637 730 665 bonum
744 645 799 666 nos
812 638 861 665 sti-

80 686 211 721 mulant,
228 687 255 714 et
273 686 376 713 contra
395 684 521 712 insultus
544 684 658 712 diaholi
682 684 860 721 defendunt3

80 733 150 761 item
170 734 273 760 contra
291 731 438 759 mundum
456 731 603 759 habemus
617 731 755 768 exempla
772 732 860 759 Sanc-

82 781 178 808 torum
188 800 199 814 ‚
230 787 311 815 quos.
336 786 392 806 nec
415 777 587 806 alliciebant
614 778 720 805 mundi
744 777 861 806 blandi-

80 827 179 854 menta
190 847 199 860 ,
223 833 279 853 nec
302 825 451 853 terrebant
475 824 622 860 supplicia
631 834 639 860 3
664 825 734 852 item
758 827 861 853 contra

80 880 200 901 carnem
213 872 360 900 habemus
377 871 459 899 bona
473 871 641 906 naturalia,
661 871 771 899 scilicet
792 880 860 907 syn-

81 919 228 954 deresim,
249 921 277 947 et
296 919 357 946 vim
378 918 577 953 irascibilem,
601 926 667 954 quae
686 919 861 947 naturaliter

80 974 135 994 nos
149 966 258 994 docent
270 973 332 993 non
346 965 534 1001 acquiescere
549 965 649 999 carni,
665 965 718 992 sed
733 965 858 1001 spiritui.

80 1012 228 1041 Habemus
251 1012 340 1040 etiam
362 1011 508 1047 gratuita,
533 1011 644 1040 scilicet
667 1011 859 1047 charitatem,

79 1059 320 1096 temperantiam,
336 1061 364 1086 et
377 1058 568 1094 hujusmodi,
585 1058 696 1094 quibus
710 1059 807 1086 carnis
819 1060 860 1087 vi-

78 1106 119 1134 tia
141 1105 365 1134 mortificamus.
397 1107 445 1133 Est
469 1107 567 1133 autem
598 1105 764 1134 differentia
785 1106 860 1134 iuter

78 1153 252 1181 tentationes
271 1160 338 1189 quae
352 1154 420 1180 sunt
433 1160 451 1180 a
466 1152 590 1180 diabolo
601 1173 611 1187 ‚
632 1153 660 1180 et
680 1161 746 1188 quae
760 1155 828 1180 sunt
842 1160 860 1181 a

78 1207 176 1228 carne.
195 1199 381 1228 Tentationes
402 1199 483 1227 enim
502 1207 569 1234 quae
588 1207 606 1226 a
626 1199 750 1227 diabolo
772 1202 857 1235 sunt,

78 1254 156 1282 soepe
171 1246 306 1274 oriuntur
319 1247 426 1282 praeter
446 1245 593 1273 rationem
605 1266 615 1279 ‚
630 1247 663 1273 ut
677 1254 746 1273 cum
762 1254 859 1282 nuper

78 1294 197 1322 satiatus
211 1293 322 1321 famem
335 1293 455 1329 patitur,
479 1295 507 1321 et
520 1294 589 1328 post
601 1292 725 1328 longam
748 1292 860 1321 dormi-

78 1341 189 1369 tionem
208 1348 314 1368 somno
335 1342 484 1375 gravatur.
500 1339 686 1368 Tentationes
705 1347 777 1368 vero
793 1348 859 1376 quae

78 1389 146 1416 sunt
163 1396 181 1415 a
201 1395 288 1415 carne
299 1408 309 1422 ,
330 1387 499 1423 frequenter
523 1389 648 1422 surgunt
666 1389 788 1423 propter
810 1396 859 1415 ne-

79 1435 242 1463 cessitatem
252 1455 261 1469 ,
283 1433 336 1461 sed
354 1434 506 1461 interdum
527 1437 699 1462 excrescunt
713 1435 743 1462 in
758 1442 858 1470 super-

80 1481 242 1510 fluitatem:
268 1482 300 1508 ut
317 1480 340 1508 si
362 1481 445 1508 cibus
464 1483 533 1516 post
549 1481 697 1516 jejunium
712 1481 858 1509 immode-

79 1531 140 1556 rate
161 1528 319 1564 appetitur,
340 1527 387 1555 vel
407 1527 438 1554 in
457 1527 646 1555 comedendo
670 1536 809 1556 mensura
832 1530 859 1555 et

81 1574 189 1602 modus
202 1582 263 1601 non
275 1576 400 1602 tenetur.

115 1621 245 1649 Tentatio
266 1623 365 1648 autem
389 1620 545 1657 multiplex
568 1622 630 1649 est:
656 1620 796 1656 quaedam
817 1624 859 1649 est

81 1667 281 1705 probationis,
298 1669 326 1695 et
339 1667 401 1695 haec
416 1670 459 1695 est
472 1676 490 1695 a
504 1669 577 1702 Deo,
594 1667 759 1696 secundum
774 1669 858 1704 quod

81 1715 221 1744 Dominus
235 1714 355 1742 tentavit
370 1713 537 1749 Abraham3
555 1714 693 1750 quaedam
709 1715 859 1743 examina-

80 1762 167 1790 tionis
177 1783 186 1796 ,
202 1763 229 1789 et
243 1761 304 1788 haec
319 1762 362 1788 est
383 1761 421 1788 ab
440 1761 562 1789 homine
574 1771 582 1797 ;
604 1761 742 1797 quaedam
755 1762 856 1797 praeci-

78 1807 243 1844 pitationis,
260 1809 288 1834 et
300 1807 363 1834 haec
377 1809 419 1834 est
434 1815 452 1834 a
466 1807 606 1842 diabolo,
622 1807 674 1843 qui
689 1807 730 1835 sic
744 1807 857 1843 primos

79 1856 214 1890 parentes
223 1854 344 1882 tentavit
354 1863 362 1889 ;
379 1854 519 1890 quaedam
529 1853 746 1888 delectationis,
758 1853 856 1881 ethaeo

80 1903 122 1928 cst
135 1909 153 1928 a
167 1908 253 1928 carne
261 1910 268 1935 ;
285 1900 426 1936 quaedam
441 1908 601 1928 consensus
613 1922 620 1935 ,
637 1903 665 1928 et
679 1900 740 1928 haec
756 1902 799 1928 est
812 1909 857 1928 ra-

81 1948 177 1976 tionis.

114 1993 318 2021 Tentationum
332 1995 460 2030 quatuor
475 1996 542 2021 sunt
556 1994 678 2030 species.
704 1995 800 2022 Prima
815 1997 857 2022 est

79 2049 184 2077 aspera
198 2049 204 2068 :
219 2041 280 2068 haec
295 2042 394 2068 autem
407 2040 440 2067 fit
454 2040 491 2067 de
505 2040 659 2068 laboribus
674 2041 856 2068 inconsuetis

78 2089 107 2116 in
122 2088 268 2124 principio
284 2087 496 2115 conversionis,
513 2087 648 2114 Secunda
662 2090 703 2114 est
717 2095 812 2122 vana,
829 2091 857 2115 et

78 2134 169 2163 oritur
185 2134 221 2162 de
236 2133 439 2170 spiritualibus
460 2133 704 2169 prosperitatibus
715 2153 724 2166 ,
740 2135 773 2160 ut
788 2142 856 2160 eum

78 2181 144 2217 quis
168 2181 205 2208 de
227 2181 367 2208 virtutum
386 2180 569 2207 successibus
589 2179 741 2215 gloriatur.
763 2180 856 2208 Tertia

77 2231 120 2256 est
134 2228 236 2262 dubia,
253 2230 285 2254 ut
299 2227 422 2263 quando
435 2227 502 2262 quis
516 2227 641 2261 ambigit
657 2226 731 2262 quid
742 2229 855 2254 certum

78 2275 114 2302 de
130 2275 231 2311 aliqua
245 2283 275 2302 re
290 2276 388 2302 tenere
404 2274 512 2301 debeat
526 2283 532 2301 z
554 2273 634 2300 unde
650 2273 757 2300 accidit
772 2273 855 2308 quod

78 2322 183 2350 lentior
195 2322 321 2358 quisque
336 2321 376 2348 ad
389 2321 503 2348 bonum
517 2321 662 2355 redditur,
687 2321 808 2356 quando
823 2321 855 2348 id

79 2369 161 2404 quod
177 2369 254 2403 agit,
276 2368 391 2395 honum
413 2375 474 2395 esse
495 2367 665 2402 dubitatum
687 2371 715 2396 et
732 2368 855 2403 pronior

79 2415 109 2442 tit
122 2416 155 2450 (a)
173 2416 210 2443 ad
226 2415 353 2449 malum,
370 2414 492 2450 quando
507 2414 622 2442 malum
636 2423 698 2442 esse
714 2415 852 2442 nescitur.

113 2472 200 2496 ¹Psal.
217 2479 258 2503 xc,
275 2475 297 2497 5.
309 2487 339 2490 —
354 2473 362 2487 2
373 2472 447 2503 thid„
461 2475 474 2497 6
487 2486 526 2495 .—
538 2472 632 2502 ³1bid.‚
646 2474 683 2497 113.
695 2473 853 2502 —⁶Mam[.,

121 2512 146 2541 a)
159 2512 218 2536 Coet.
230 2512 290 2536 edil.
302 2513 375 2536 sit.-—
388 2512 420 2543 (b)
435 2512 657 2536 Fraudulentia.—
669 2513 697 2542 (c)
710 2513 797 2543 Szrppl.
812 2514 852 2537 ad.

1644 207 1655 234 1
1661 205 1706 236 -23'

920 264 1030 297 Quarta
1050 264 1298 304 fraudulentam),
1319 269 1351 296 ut
1371 269 1493 304 quando
1516 269 1657 299 diabolus
1670 271 1702 300 in

919 310 1059 346 angelum
1073 311 1148 340 lucis
1162 320 1192 341 se
1207 314 1416 350 transfigurat,
1441 316 1497 344 suh
1511 318 1608 354 specte
1623 317 1700 346 scili-

919 359 965 384 cet
974 357 1117 386 virtutum
1127 359 1272 388 inducens
1282 361 1314 397 (c)
1327 361 1432 389 vitium
1445 372 1451 390 :
1463 362 1525 391 haec
1535 364 1567 392 fit
1579 365 1700 400 quando

919 405 1074 434 suadendo
1096 406 1299 442 honestatem,
1322 407 1435 436 inducit
1450 409 1482 445 (c)
1506 410 1699 446 superbiam,

918 452 967 480 vet
981 452 1138 480 suadendo
1153 453 1312 482 discretum
1327 454 1506 491 obsequium
1518 478 1526 491 ,
1543 457 1697 494 inducit(c)

918 498 1045 526 nimium
1069 500 1165 527 carnis
1187 501 1402 536 commodum,
1425 503 1475 530 vel
1499 503 1698 533 dissuadendo

915 545 1027 580 justum
1044 546 1209 581 judicium,
1230 547 1343 575 inducit
1354 548 1385 584 (c)
1403 549 1627 585 crudelitatem;
1649 552 1699 579 vel

918 592 1073 620 suadendo
1094 593 1351 628 misericordiam,
1373 595 1486 623 inducit
1496 596 1528 632 (c)
1549 597 1698 625 remissio-

919 646 988 666 nem
1003 640 1031 666 et
1045 639 1270 675 negligentiam3
1288 640 1335 668 vel
1349 641 1505 669 suadendo
1521 641 1697 678 largitatem,

918 685 1030 713 inducit
1041 686 1073 722 (c)
1087 686 1330 722 prodigalitatem
1341 708 1350 721 ,
1365 689 1392 715 et
1406 688 1448 715 sic
1463 688 1500 716 de
1516 688 1592 716 aliis.
1614 691 1644 717 ln
1658 692 1699 718 ta-

918 731 997 759 libus
1008 734 1106 760 autem
1116 733 1400 769 periculosissimum
1410 736 1453 762 est
1462 735 1628 771 periculum
1639 744 1700 764 non

918 777 1030 806 videre.
1061 779 1190 807 Primam
1214 780 1345 816 appellat
1366 781 1535 809 psalmista¹
1562 781 1700 810 timorem

918 829 1119 854 nocturnum:
1143 834 1198 863 per
1220 829 1339 855 noctem
1363 828 1443 856 enim
1464 828 1626 857 adversitas
1647 830 1699 857 de-

917 872 1059 907 signatur.
1081 873 1249 901 Secundam
1272 874 1421 910 appellat²
1443 875 1581 910 sagittam
1595 876 1700 904 volan-

918 921 976 947 tem
990 919 1021 947 in
1037 919 1102 955 die,
1120 920 1191 956 quia
1203 929 1257 956 per
1272 921 1353 949 diem
1368 922 1551 958 prosperitas
1566 922 1702 958 designa-

917 968 972 993 tur.
995 966 1120 994 Tertiam
1140 967 1270 1003 appellat
1284 969 1294 984 2
1317 968 1470 1003 negotium
1488 969 1701 1004 perambulans

916 1013 947 1040 in
961 1013 1090 1041 tenebris
1101 1035 1108 1048 ,
1126 1014 1154 1041 et
1167 1014 1228 1041 haec
1243 1017 1365 1050 propter
1380 1015 1509 1043 dubium
1523 1016 1701 1052 perplexita-

916 1059 961 1086 tis.
983 1061 1123 1093 Quartam
1143 1060 1251 1088 vocat'
1274 1061 1456 1089 daemonium
1479 1062 1698 1098 meridianum;

916 1106 996 1134 unde
1012 1107 1070 1134 ait:
1093 1108 1154 1135 Non
1175 1108 1281 1135 timebis
1297 1117 1314 1135 a
1329 1111 1426 1136 timore
1448 1112 1598 1144 nocturno,
1619 1119 1636 1137 a
1655 1118 1701 1138 sa-

915 1155 1006 1187 qma,
1028 1155 1081 1181 etc.
1109 1155 1147 1181 De
1168 1154 1213 1181 his
1233 1156 1361 1190 quatuor
1383 1156 1542 1190 generibus
1565 1157 1701 1184 tentatio-

916 1207 1004 1234 num,
1016 1200 1098 1227 idem
1108 1200 1148 1228 ait
1160 1202 1185 1228 ³:
1197 1201 1283 1236 Super
1293 1202 1429 1236 aspidem,
1441 1203 1542 1238 quoad
1552 1203 1698 1238 primurm

916 1249 942 1273 et
961 1246 1117 1274 basiliscum
1125 1267 1134 1281 ,
1158 1248 1261 1283 quoad
1280 1248 1446 1276 secundum
1458 1257 1466 1283 ,·
1487 1252 1513 1276 et
1533 1250 1701 1277 conculcabis

916 1293 1015 1320 leonem
1025 1314 1034 1327 ,
1061 1294 1161 1329 quoad
1187 1295 1324 1330 tertium;
1353 1298 1378 1322 et
1406 1295 1548 1323 draconem
1559 1317 1569 1328 ,
1596 1296 1698 1332 quoad

916 1342 1065 1375 quartum.

951 1389 1071 1424 Propter
1086 1388 1241 1424 praedictas
1255 1390 1431 1417 tentationes
1446 1390 1494 1418 vel
1508 1391 1697 1427 deceptiones

915 1433 1049 1468 diaboli,
1065 1443 1126 1463 non
1140 1438 1207 1463 sunt
1223 1436 1312 1463 etiam
1326 1436 1407 1464 licita
1420 1437 1558 1465 facienda
1569 1459 1577 1471 ,
1594 1440 1622 1466 et
1638 1439 1695 1467 hoc

915 1480 945 1508 in
960 1481 1093 1517 quinque
1106 1482 1232 1510 casibus.
1249 1483 1363 1510 Primus
1375 1485 1428 1517 est,
1444 1484 1467 1510 si
1482 1484 1621 1513 diabolus
1632 1494 1698 1514 sua-

915 1527 965 1554 det
988 1528 1104 1555 homini
1130 1529 1246 1565 aliquid
1276 1537 1338 1556 esse
1364 1530 1480 1557 honum
1507 1531 1695 1567 faciendum,

915 1574 998 1609 quod
1021 1574 1138 1602 videtur
1162 1575 1222 1602 suis
1252 1576 1382 1603 consiliis
1401 1577 1589 1606 consentire:
1615 1579 1695 1607 unde

914 1621 1042 1648 Christus
1056 1621 1121 1657 ipso
1137 1622 1280 1650 suadente
1295 1622 1410 1650 noluit⁴
1425 1623 1521 1651 facere
1535 1632 1644 1660 panem
1658 1625 1695 1653 de

913 1667 1084 1703 lapidibus,
1113 1668 1197 1704 quod
1222 1672 1321 1696 tamen
1344 1677 1420 1705 opus
1444 1670 1559 1698 bonurn
1583 1671 1694 1699 fuisset.

914 1715 1083 1749 Secundus,
1106 1715 1129 1743 si
1148 1718 1334 1752 proponatur
1354 1716 1477 1752 aliquod
1498 1725 1573 1753 opus
1592 1720 1695 1746 contra

913 1761 1010 1796 legem
1027 1761 1089 1795 Dei,
1113 1770 1174 1789 non
1190 1765 1231 1790 est
1251 1762 1438 1791 faciendum:
1459 1764 1558 1791 unde³
1581 1766 1695 1793 Macha-

913 1808 969 1835 baei
984 1808 1128 1836 nolebant
1151 1809 1308 1837 comedere
1324 1818 1425 1837 carnes
1439 1831 1446 1843 ,
1468 1819 1542 1846 quas
1562 1813 1696 1848 tempore

912 1856 1090 1883 necessitatis
1106 1856 1263 1883 comedere
1279 1856 1418 1884 licuisset.
1435 1858 1556 1892 Tertius,
1572 1859 1694 1894 quando

911 1902 1028 1930 bonum
1050 1903 1082 1930 fit
1104 1911 1173 1930 cum
1197 1903 1340 1930 scandalo
1361 1904 1487 1931 aliorum
1500 1905 1530 1930 ⁵:
1555 1906 1694 1933 Peccantes

912 1950 940 1975 in
955 1951 1065 1984 fratres,
1077 1951 1131 1977 ete.
1148 1958 1154 1977 :
1170 1951 1197 1977 et
1208 1950 1340 1985 loquitur
1356 1950 1391 1977 dc
1407 1950 1590 1987 idolothytis.
1603 1954 1695 1985 Quar-

912 1997 958 2022 tus
974 1997 1033 2030 est,
1051 1996 1173 2032 quando
1184 1996 1299 2023 honum
1314 1996 1345 2024 fit
1359 2005 1411 2032 per
1427 1999 1691 2026 ostentationem⁷z

911 2042 942 2069 Sz'
957 2044 1092 2070 osculatus
1107 2051 1165 2070 sum
1182 2052 1290 2070 manum
1304 2052 1389 2070 meam
1400 2064 1408 2076 ,
1429 2053 1488 2078 <1⁷¹oe
1503 2048 1541 2071 esc
1555 2047 1689 2080 iniquitas

912 2091 1042 2115 maxima.
1058 2089 1191 2122 Quintus,
1208 2098 1276 2116 cum
1290 2090 1416 2125 impedit
1428 2091 1630 2118 obedientiam
1642 2100 1691 2118 su-

911 2135 1035 2170 perioris
1046 2156 1054 2169 ,
1080 2135 1150 2170 quia
1165 2135 1233 2162 licet
1245 2138 1366 2171 propter
1390 2137 1565 2164 mandatum
1580 2138 1692 2173 przelati

911 2189 1066 2216 nunquam
1082 2182 1194 2209 malum
1208 2182 1314 2210 debeat
1330 2183 1402 2217 fieri,
1420 2186 1514 2219 potest
1527 2186 1625 2211 tamen
1638 2185 1692 2212 bo-

911 2235 983 2254 num
1006 2227 1168 2263 aliquando
1199 2231 1320 2264 propter
1344 2229 1545 2258 obedientiam
1570 2233 1689 2267 praeter-

910 2274 994 2301 mitti.
1019 2275 1160 2302 Remedia
1182 2278 1281 2303 autem
1303 2279 1405 2304 contra
1428 2277 1602 2305 tentationes
1623 2282 1690 2305 sunt

910 2321 1055 2348 memoria
1070 2321 1227 2350 dominicae
1241 2323 1386 2358 passionis
1398 2344 1406 2356 ,
1422 2324 1609 2351 mortificatio
1627 2332 1689 2352 car-

910 2367 955 2394 nis
967 2389 974 2400 ‚
991 2368 1062 2395 utile
1082 2369 1252 2396 exercitium
1264 2390 1271 2402 ,
1295 2369 1452 2397 declinatio
1475 2371 1667 2398 occasionum
1678 2392 1687 2404 ‚

910 2415 1092 2442 conculcatio
1106 2415 1244 2451 principii
1260 2416 1464 2444 tentationum.

910 2478 1024 2506 1v,!0.—-
1039 2478 1189 2508 ⁵11lt!ach.,
1204 2484 1250 2508 vn,
1270 2480 1277 2501 1
1295 2480 1319 2502 et
1335 2485 1422 2509 seq.—-
1437 2479 1447 2494 θ
1463 2479 1469 2502 1
1488 2480 1555 2508 (2012,
1571 2484 1627 2507 v211,
1649 2481 1686 2502 12.

908 2527 939 2530 —
952 2513 960 2529 7
975 2513 1029 2543 Job,
1046 2520 1119 2544 xxxi,
1135 2516 1174 2538 27.
