2004 3037
57 1046 119 1068 Filiae

44 1078 132 1099 invidiae

35 1109 91 1130 duoe.

39 2220 43 2243 ζ
58 2218 111 2238 Octo
119 2217 145 2237 si-

40 2248 144 2268 militudi-

40 2285 88 2304 ucs,
101 2279 147 2305 qui-

53 2311 94 2330 hus
106 2312 137 2330 ira

50 2342 136 2367 signiti-

40 2375 108 2392 catur.

157 169 217 200 254

156 234 266 267 sciebat,
280 234 354 270 quod
365 242 416 270 per
426 235 561 263 invidiam
571 235 755 264 tradidissent
766 243 835 264 eum.
847 235 934 270 Quin-

155 282 220 309 tum
234 283 287 315 est,
302 281 373 317 quia
387 281 456 310 tacit
469 281 624 310 hominem
637 282 756 318 penitus
769 282 932 311 infelicem:

156 327 276 356 invidus
291 328 370 355 enim
385 327 422 356 de
439 328 527 356 bonis
542 328 670 357 aliorum
690 328 838 365 affligitur,
853 331 882 357 et
895 329 933 357 de

155 374 362 402 melioratione
381 374 587 411 deterioratur,
611 375 648 404 de
668 375 804 412 profectu
823 376 933 411 deficit,

156 420 194 449 de
211 420 393 457 pinguedine
411 423 580 458 macrescit,
602 423 639 451 de
656 423 778 452 sanitate
800 423 935 452 infirma-

154 469 211 503 tur,
228 467 265 495 de
281 467 340 496 vita
355 469 491 505 moritur,
512 472 541 498 et
558 470 621 507 ipse
642 470 774 498 amittere
791 479 822 498 se
835 472 933 507 putat,

155 514 239 551 quod
257 515 307 543 alii
321 515 482 545 lucrantur.
499 519 531 546 Et
545 517 620 546 sicut
634 517 641 533 ¹
659 518 835 552 diligentibus
849 519 934 546 Deum

155 564 247 590 omnia
267 566 445 599 cooperantur
465 565 496 592 in
519 565 632 600 bonum,
653 565 693 593 ita
714 564 818 593 invido
833 564 935 593 omnia

155 611 354 645 cooperantur
371 610 403 638 in
418 611 542 639 malum.
557 611 639 640 Unde
659 611 786 648 quidam
800 612 935 648 pulcher-

155 655 229 684 rime
244 656 415 685 describens
429 657 581 693 invidum,
601 658 642 687 ait
654 659 664 675 ²
677 668 683 687 :

186 718 270 743 Pallor
285 719 310 743 in
325 726 369 744 ore
385 720 457 744 sedet
463 728 470 751 ;
487 721 583 746 macies
599 721 627 746 in
646 729 754 753 corpore
770 723 825 747 toto
831 730 839 754 3

185 755 317 787 Nusquam
332 757 401 780 rectu
418 756 486 780 acies
491 764 499 787 3
515 756 595 782 livent
609 758 728 790 rubigine
744 758 844 783 dentes.

186 791 295 816 Pectora
309 791 366 816 felle
381 792 481 824 virent,
498 793 585 825 lingua
602 796 641 818 est
657 794 753 819 suffusa
766 802 877 820 veneno.

183 826 258 851 Risus
272 827 352 858 abest,
365 827 413 852 nisi
428 835 505 860 quem
519 829 566 853 visi
583 835 687 854 movere
703 830 819 855 dolores.

186 863 239 887 Nec
252 862 344 888 fruitur
358 870 450 888 somno
460 883 467 895 ,
481 864 647 895 vigilantibus
662 866 747 890 excita
762 867 841 897 curis;

187 898 239 924 Sed
249 899 321 924 videt
331 899 460 931 ingratos,
475 900 660 933 intabescitque
678 902 790 926 videndo

187 936 329 960 Successus
343 935 479 960 hominum
494 944 500 960 :
517 937 667 969 carpitque,
682 939 707 962 et
726 937 839 968 carpitur
853 944 918 967 una,

187 970 397 1003 Suppliciumque
415 978 489 996 suum
512 974 559 997 est.

155 1034 224 1062 Duae
241 1036 308 1063 sunt
321 1034 389 1062 filiae
404 1035 539 1070 invidiae,
556 1036 667 1064 scilicet
681 1036 794 1064 tristitia
809 1036 839 1064 in
853 1044 936 1072 pros-

155 1081 234 1117 peris
254 1081 398 1118 proximi,
423 1084 450 1110 et
473 1082 614 1111 exultatio
636 1083 668 1111 in
692 1083 842 1112 adversis:
868 1091 935 1120 quae

156 1128 372 1156 contrariantur
398 1129 562 1165 specialiter
585 1130 735 1165 charitati,
761 1130 846 1166 cujus
869 1129 936 1158 offi-

155 1175 235 1203 cium
250 1177 293 1203 est
306 1176 316 1193 ³
330 1176 446 1210 <paudere
465 1185 525 1204 cum
549 1178 744 1211 quatientibus,
761 1181 786 1205 et
801 1179 863 1211 llere
877 1187 936 1205 cum

155 1223 297 1258 flentibus,
317 1225 349 1250 ut
365 1223 475 1251 dicitur
490 1224 526 1251 ad
545 1225 686 1252 Romanos.
706 1226 768 1252 lstoe
787 1224 853 1252 duae
868 1225 936 1253 filiae

156 1269 321 1304 figurantur
335 1278 388 1306 per
402 1270 475 1298 Oola
489 1273 517 1298 et
538 1270 644 1299 Ooliba
658 1272 678 1305 ὦ,
695 1271 778 1307 quod
793 1271 936 1308 interpre-

156 1318 232 1344 tatur
258 1316 484 1344 tabernaculum
509 1325 628 1352 meum,
653 1317 724 1354 quia
749 1318 780 1345 in
808 1326 936 1354 persona

157 1362 271 1391 diaboli
286 1363 403 1398 dieitur,
420 1363 503 1400 quod
515 1365 525 1381 ⁶
545 1367 692 1400 assumpsit
706 1368 805 1400 septem
819 1367 936 1400 spiritus

157 1411 297 1445 nequiores
316 1417 357 1445 sc,
379 1413 403 1438 et
425 1412 541 1445 ingressi
562 1411 686 1438 habitant
706 1413 759 1444 ibi,
782 1412 892 1440 scilicet
905 1412 936 1440 in

158 1456 270 1485 invido.
297 1458 333 1484 De
361 1457 422 1484 istis
445 1457 564 1485 filiabus
593 1458 699 1486 dicitur
721 1459 792 1486 alibi
812 1460 842 1486 6;
872 1461 936 1486 Duae

157 1504 282 1531 mulieres
301 1505 366 1538 filioe
383 1505 465 1532 unius
479 1507 574 1532 matris
591 1507 718 1540 fuerunt,
737 1506 846 1534 scilicet
861 1506 936 1534 invi-

158 1550 231 1585 dioe,
248 1559 315 1587 quae
336 1551 414 1587 ipsas
434 1560 470 1579 cx
485 1552 608 1580 diabolo
625 1553 769 1590 concepit.
784 1553 865 1581 Unde
879 1553 936 1581 illae

158 1596 224 1624 dure
238 1597 305 1625 filioe
319 1600 443 1634 possunt
456 1598 541 1627 valde
557 1600 676 1635 proprie
692 1600 751 1628 dici
766 1600 934 1636 diabolicae;

158 1643 309 1672 imitantur
324 1645 403 1672 enini
419 1645 575 1674 diabolum
590 1648 706 1682 patrem
721 1655 819 1680 suum,
835 1647 885 1683 qui
900 1647 936 1675 de

158 1690 239 1719 bono
255 1691 349 1727 dolet,
366 1695 394 1720 et
411 1692 448 1720 de
465 1693 543 1721 malo
562 1693 680 1728 gaudet.
698 1694 766 1722 ideo
786 1694 891 1722 dicitur
908 1695 935 1721 7;

158 1738 269 1765 Invidia
284 1738 400 1772 diaboli,
416 1747 486 1766 mors
499 1741 614 1767 intravit
629 1742 659 1767 in
677 1741 763 1768 orbem
780 1744 913 1768 terrarum
927 1750 933 1767 :

158 1785 304 1812 imitantur
327 1788 415 1813 autem
444 1787 534 1818 illum,
560 1788 625 1821 quia
648 1787 685 1822 (α)
711 1791 773 1814 sunt
797 1796 830 1815 er
857 1790 937 1822 parte

157 1831 244 1858 illius.

406 1883 430 1916 C
444 1884 474 1916 A
488 1883 514 1916 P
529 1884 558 1917 U
573 1884 599 1917 T
641 1885 682 1917 V.

493 1954 531 1980 De
552 1953 609 1980 Ira.

194 2020 238 2047 ira
259 2021 301 2047 est
322 2019 417 2047 libido
437 2020 484 2048 vel
507 2021 654 2057 appetitus
673 2021 818 2050 vindictoe.
835 2024 873 2050 De
893 2022 937 2050 ira

157 2068 227 2094 nota
241 2066 406 2102 specialiter
426 2067 498 2101 tria,
520 2068 630 2095 scilicet
644 2068 782 2096 odiosam
797 2069 859 2104 ejus
875 2068 937 2096 effi-

158 2113 249 2147 giem,
266 2113 328 2148 ejus
345 2114 497 2142 ruinosam
517 2115 694 2150 perniciem,
715 2116 777 2150 ejus
802 2116 937 2144 vitiosam

159 2160 366 2195 propaginem.

197 2209 240 2234 lra
253 2207 353 2242 plures
368 2208 458 2236 habet
471 2208 677 2244 adaptationes
689 2212 716 2237 et
730 2210 850 2244 figuras,
864 2210 938 2238 inter

162 2261 234 2288 quas
253 2254 350 2289 primo
370 2258 559 2290 comparatur
581 2256 659 2290 igni:
684 2264 753 2284 nam
774 2257 847 2284 sieut
862 2257 938 2291 ignis

162 2299 286 2327 domum
307 2300 451 2335 ligneam,
474 2303 501 2328 ct
520 2310 640 2329 omnem
655 2302 809 2330 materiam
823 2303 939 2330 aridam

162 2346 312 2381 accendit,
334 2347 375 2374 sic
394 2348 437 2374 ira
455 2348 589 2375 accendit
610 2349 756 2384 praecipue
777 2349 891 2384 aridos,
907 2350 939 2377 id

162 2395 218 2428 est,
242 2393 378 2421 homines
406 2394 579 2428 iracundos,
609 2395 659 2430 qui
688 2398 787 2424 carent
814 2396 939 2424 humore

162 2440 270 2475 gratiae.
294 2440 374 2468 Unde
395 2441 487 2469 homo
511 2441 671 2470 iracundus
690 2444 732 2469 est
752 2442 826 2470 sicut
846 2443 938 2471 homo

162 2528 165 2536 ¹
195 2527 203 2543 ¹
222 2527 300 2556 Rom„
323 2531 387 2557 vm,
407 2526 447 2550 28.
466 2539 496 2545 -
517 2527 526 2542 ²
548 2526 633 2558 ovid„
650 2528 822 2560 Metamorph„
845 2528 888 2553 lib.
907 2529 938 2559 ll,

162 2560 213 2585 rab.
231 2563 268 2585 12.
283 2574 315 2579 -
337 2561 348 2578 ³
369 2561 447 2590 Rom„
464 2567 514 2591 xn,
534 2562 572 2585 15.
591 2575 621 2581 -
638 2563 646 2576 ⁴
664 2562 764 2594 Ezecli„
779 2569 859 2593 xxm,
876 2565 898 2587 4.
910 2577 940 2582 -

166 2597 173 2611 ⁵
188 2596 290 2627 Mateta,
306 2603 355 2628 xn,
370 2598 408 2622 45.
425 2610 454 2616 —
472 2598 482 2612 ⁵
500 2597 598 2626 Ezech..
617 2604 694 2629 xxm,
713 2600 736 2624 2.
754 2612 784 2618 —-
798 2599 806 2614 ⁷
824 2599 894 2631 Sap„
910 2605 940 2628 11,

163 2632 203 2656 24.
217 2645 247 2651 —
259 2633 268 2646 ⁰
279 2633 363 2663 Prov„
381 2639 425 2663 Χν,
439 2635 462 2659 2.
474 2646 505 2653 —
520 2634 529 2648 ³
539 2634 623 2665 Prota..
642 2640 661 2665 1,
678 2636 715 2661 iti.
725 2648 757 2655 -—
777 2636 796 2653 ¹⁰
806 2636 895 2666 Greg„
909 2634 939 2659 de

724 167 870 200 DIAETAE
891 167 1059 200 SALUTlS
1080 167 1158 201 TIT.
1181 168 1205 200 1.

988 235 1104 265 habens
1119 236 1244 265 domum
1257 235 1399 272 ligneam,
1411 237 1464 273 qui
1475 240 1564 267 mane
1577 241 1622 269 est
1634 240 1728 277 dives,
1741 243 1770 270 et

989 282 1021 311 in
1043 291 1168 320 vespere
1189 283 1265 312 nihil
1286 282 1400 312 habet:
1423 284 1495 320 quia
1514 285 1592 321 ignis
1613 286 1664 315 irae
1685 295 1768 317 com.

989 330 1084 359 hussit
1096 331 1154 359 sibi
1168 331 1305 366 domum,
1319 331 1352 359 id
1365 333 1418 366 est,
1434 332 1660 368 conscientiam,
1674 336 1704 363 et
1715 342 1769 371 per

990 385 1175 414 consequens
1187 378 1308 407 abstulit
1322 378 1378 407 sibi
1398 378 1550 416 quidquid
1563 379 1704 409 habebat.

1027 425 1174 460 Secundo,
1186 425 1347 454 iracundus
1356 428 1400 454 est
1413 426 1517 454 similis
1532 426 1600 454 ollae
1613 426 1767 457 bullienti:

990 472 1065 500 sicut
1087 472 1168 501 enim
1191 471 1252 500 olla
1277 472 1435 501 bulliendo
1458 473 1563 501 emittit
1592 481 1719 510 aquam,
1742 476 1771 503 ct

990 518 1092 547 omnia
1103 519 1177 554 alia3
1189 519 1232 546 sic
1241 518 1414 554 iracundus,
1426 519 1600 548 ebulliendo
1614 529 1668 557 per
1681 520 1769 557 iram,

991 565 1095 594 emittit
1107 565 1259 594 stultitiam
1278 568 1306 594 et
1317 566 1410 594 verba
1423 567 1610 603 inordinata,
1632 567 1718 603 juxta
1735 567 1771 596 il-

990 611 1044 640 lud
1057 611 1086 640 ⁸:
1104 612 1138 640 Os
1154 614 1297 646 fatuorum
1311 614 1405 641 ebullit
1420 615 1578 642 stultitiam.

1026 659 1132 694 Tertio,
1147 659 1308 688 iracundus
1322 659 1426 688 similis
1441 662 1483 688 est
1496 668 1588 697 apro:
1603 669 1684 696 nam,
1696 661 1771 690 sicut

991 714 1062 742 aper
1080 714 1116 734 ex
1136 707 1236 734 furore
1258 707 1410 743 impingit,
1431 709 1459 735 et
1478 707 1568 736 currit
1586 710 1688 736 contra
1708 708 1771 744 gla-

991 751 1075 780 dium
1081 761 1090 787 3
1112 753 1154 780 sic
1175 752 1336 780 iracundus
1355 753 1446 782 currit
1464 754 1505 782 ad
1522 757 1694 791 peccatum,
1714 755 1770 783 sci-

990 798 1059 827 licet
1077 799 1313 834 contentionem,
1334 799 1493 836 injuriam,
1516 803 1548 840 et,
1561 801 1769 831 homicidium.

991 846 1029 873 De
1045 845 1154 873 talibus
1168 845 1275 874 dieitur
1287 845 1297 861 ⁹
1310 855 1316 874 :
1339 846 1421 874 Pedes
1437 855 1528 875 eorum
1542 848 1579 875 ad
1591 850 1694 876 mlum
1707 856 1771 877 cur-

989 896 1062 919 runt.
1081 893 1113 920 Et
1125 892 1283 928 Gregorius
1297 892 1328 920 in
1341 894 1479 921 Pastorali
1494 894 1514 911 ¹⁰
1526 904 1534 922 ε
1548 904 1563 920 «
1576 896 1702 923 Mentem
1715 895 1772 923 im-

990 938 1074 975 pellit
1089 938 1187 974 furor,
1203 947 1265 976 quo
1278 947 1340 968 non
1354 940 1442 969 trahit
1456 940 1638 969 desiderium
1644 950 1654 976 ,·
1670 943 1698 970 et
1712 941 1773 977 agit

990 985 1197 1022 incommoda,
1214 987 1296 1014 velut
1311 987 1459 1023 nesoiens,
1481 996 1548 1024 quas
1567 990 1672 1025 postea
1690 988 1773 1018 dolet

991 1033 1096 1061 sciens.
1114 1043 1128 1060 n

1027 1082 1152 1116 Quarto,
1167 1081 1327 1110 iracundus
1341 1082 1446 1110 similis
1466 1084 1509 1110 est
1530 1082 1652 1117 insano,
1666 1082 1714 1111 vel
1726 1091 1772 1111 ar-

990 1129 1119 1165 reptitio,
1135 1129 1188 1165 qui
1202 1129 1366 1166 praecipitat
1379 1137 1410 1157 se
1425 1130 1456 1157 in
1469 1129 1571 1165 ignem
1585 1129 1633 1158 vel
1647 1138 1770 1166 aquam:

990 1176 1032 1203 sic
1047 1176 1207 1204 iracundus
1227 1177 1258 1204 in
1281 1185 1501 1213 quamcumque
1520 1176 1673 1204 malitiam.
1689 1177 1771 1205 Unde

991 1223 1098 1250 dicitur
1112 1223 1147 1251 de
1162 1223 1214 1251 illo
1235 1223 1397 1260 arreptitio,
1415 1223 1498 1260 quod
1514 1225 1534 1241 Η
1550 1224 1708 1258 ubicumque
1721 1231 1772 1259 up-

990 1270 1132 1305 prehendit
1156 1277 1231 1305 eum,
1254 1271 1350 1297 allidit
1371 1278 1450 1298 eum:
1473 1270 1514 1298 sic
1532 1270 1577 1297 ira
1595 1269 1772 1298 iracundum

991 1316 1102 1350 allidit,
1120 1325 1172 1352 per
1196 1316 1411 1352 impatientiam
1433 1316 1639 1344 molestando:
1661 1318 1688 1344 et
1704 1324 1773 1353 spu-

991 1365 1066 1398 mat,
1093 1371 1147 1399 per
1170 1363 1316 1391 clamores
1339 1362 1547 1391 contendendo
1573 1363 1622 1391 vel
1642 1365 1772 1391 contem-

991 1410 1112 1439 nendo:
1140 1412 1168 1438 et
1191 1411 1293 1439 stridet
1317 1410 1470 1445 dentibus,
1495 1409 1640 1438 malitiam
1663 1410 1772 1438 machi-

991 1458 1092 1486 nando
1110 1467 1116 1486 :
1140 1460 1168 1486 et
1186 1458 1306 1493 arescit,
1327 1457 1431 1486 odium
1452 1459 1480 1485 et
1498 1464 1654 1485 rancorem
1671 1457 1771 1485 conci-

991 1504 1112 1541 piendo.
1128 1506 1192 1533 lloec
1207 1505 1287 1533 enim
1307 1506 1375 1532 sunt
1387 1504 1471 1540 signa
1486 1503 1552 1538 irae,
1568 1505 1595 1531 et
1609 1511 1701 1540 opera
1714 1504 1772 1532 ira-

992 1551 1117 1579 cundiae.

1027 1599 1146 1633 Quinto,
1158 1598 1319 1626 iracundus
1331 1597 1435 1625 similis
1449 1599 1491 1625 est
1503 1597 1618 1625 calculo
1631 1597 1772 1626 emittenti

992 1645 1102 1681 ignem.
1124 1647 1196 1673 Nam
1219 1645 1293 1672 sicut
1309 1644 1450 1679 calculus,
1473 1652 1628 1680 percussus
1650 1644 1773 1679 malleo,

993 1693 1096 1721 emittit
1115 1693 1289 1728 scintillam,·
1311 1693 1352 1720 sic
1373 1692 1544 1727 iracundus,
1563 1694 1653 1720 tactus
1668 1692 1772 1726 verbo,

992 1740 1120 1768 ostendit
1141 1740 1355 1776 impatientiam
1377 1747 1471 1767 suam.
1496 1741 1528 1766 Et
1547 1738 1621 1765 sieut
1642 1738 1773 1766 calculus

992 1795 1054 1815 non
1073 1786 1176 1814 emittit
1194 1787 1305 1821 ignem,
1325 1786 1380 1813 nisi
1401 1788 1537 1820 tangatur
1555 1785 1657 1821 aliquo
1677 1785 1771 1820 duro;

992 1833 1033 1861 sic
1048 1833 1132 1861 multi
1147 1835 1320 1869 reputantur
1333 1832 1488 1868 patientes,
1505 1832 1557 1867 qui
1572 1834 1670 1859 tamen
1685 1839 1771 1859 exar-

992 1880 1117 1908 descunt
1135 1880 1166 1908 in
1186 1880 1272 1914 iram,
1295 1879 1363 1907 tacti
1383 1879 1484 1915 aliquo
1505 1878 1598 1906 verbo
1618 1880 1772 1906 contume-

992 1927 1077 1959 lioso,
1095 1927 1202 1954 Dicitur
1216 1926 1296 1954 enim
1310 1927 1326 1941 ¹²
1341 1925 1425 1962 quod
1436 1927 1522 1960 lapiso
1531 1926 1632 1952 alereso
1643 1926 1728 1959 lutus,
1742 1926 1772 1952 in

993 1982 1028 2002 oes
1044 1975 1217 2001 convertitur⁴
1234 1973 1329 2010 Lapis,
1345 1973 1461 2001 animus
1477 1972 1569 1999 durus
1584 1974 1611 1999 et
1625 1971 1771 2008 lapideus,

993 2021 1055 2056 qui,
1071 2021 1194 2056 quando
1218 2020 1342 2048 solvitur
1358 2019 1455 2047 calore
1476 2018 1649 2053 iracundiae,
1675 2018 1772 2046 statim

993 2068 1032 2095 ad
1051 2067 1177 2096 modum
1194 2067 1260 2095 aeris
1278 2067 1377 2095 reddit
1396 2074 1504 2095 sonum
1518 2065 1730 2101 indignationis
1745 2066 1773 2092 et

993 2114 1188 2143 contumelia).

1029 2163 1126 2196 Sexto,
1143 2161 1302 2189 iracundus
1323 2160 1425 2188 similis
1445 2162 1486 2188 cst
1504 2159 1641 2187 rhamno.
1664 2158 1772 2187 Rham-

993 2218 1049 2237 nus
1063 2209 1142 2237 enim
1162 2211 1203 2237 est
1219 2209 1344 2245 quidam
1359 2208 1453 2235 frutex
1473 2205 1704 2242 spinostssimus,
1719 2205 1773 2233 ha-

993 2257 1067 2284 bens
1086 2256 1125 2283 ita
1140 2255 1230 2283 duras
1249 2255 1360 2291 spinaS,
1376 2253 1458 2289 quod
1474 2253 1513 2280 ad
1527 2253 1674 2288 impetum
1693 2252 1773 2281 venti

995 2303 1098 2331 omittit
1117 2302 1267 2336 scintillas,
1283 2303 1315 2329 ut
1334 2301 1403 2328 dicit
1421 2300 1611 2336 losephus¹³;
1628 2299 1669 2327 sic
1682 2299 1772 2327 iratus

994 2352 1113 2385 propter
1134 2350 1255 2376 ventum
1276 2347 1489 2382 indignationis
1511 2347 1614 2374 emittit
1633 2345 1772 2374 scintillas

994 2396 1203 2432 spinosissimae
1214 2394 1418 2423 contentionis.
1430 2394 1511 2422 Unde
1526 2394 1633 2422 dicitur
1643 2393 1662 2410 ¹⁵
1674 2402 1680 2421 :
1692 2394 1772 2427 Egre-

996 2481 1057 2506 Cur.
1075 2481 1183 2510 Pastor„
1198 2479 1242 2504 lib.
1258 2480 1301 2510 lll,
1317 2487 1339 2503 c.
1357 2486 1374 2509 1,
1391 2479 1458 2503 udin.
1478 2481 1514 2510 lo,
1530 2478 1615 2502 statim
1630 2484 1644 2501 a
1659 2477 1773 2507 princ.-

996 2518 1014 2534 ¹¹
1033 2518 1120 2543 Marc..
1142 2522 1182 2547 ix,
1206 2518 1243 2540 18.
1257 2528 1287 2533 -
1308 2517 1327 2532 ¹²
1346 2515 1399 2545 Job,
1418 2520 1515 2546 xxvui,
1531 2515 1555 2538 2.
1573 2527 1605 2531 —
1625 2513 1642 2529 ¹³
1655 2512 1772 2544 Joseph„

994 2553 1082 2584 Antiq.
1105 2551 1172 2580 Juu„
1194 2551 1239 2575 lib.
1264 2552 1295 2582 Υ,
1319 2559 1341 2575 c.
1364 2557 1406 2582 ix,
1428 2557 1480 2575 non
1501 2550 1576 2581 longe
1598 2557 1613 2573 a
1634 2548 1716 2580 princ.
1741 2561 1773 2568 —-

996 2588 1016 2604 ¹⁸
1025 2587 1118 2618 Judic„
1135 2593 1171 2618 1x‚
1189 2588 1225 2612 15.

1028 2633 1062 2666 (a)
1077 2634 1153 2665 Vulg.
1167 2634 1222 2666 qui.
