2004 3037
860 228 990 263 CAPUT
1010 222 1132 262 XXXII.

174 295 243 334 post
262 299 389 328 mortem
409 298 549 336 Herodis,
568 299 682 334 Matth„
696 305 729 333 ιι,
743 298 779 327 20
795 306 802 326 :
822 307 836 324 α
850 297 958 334 Accipe

175 352 319 382 puerum,
345 348 374 376 et
396 347 522 376 matrem
543 346 627 382 eJ'uS,
648 347 677 375 et
698 345 776 375 vade
797 344 829 374 in
849 346 958 375 terram

177 392 277 422 Israel.
293 403 306 420 n

213 441 280 468 Post
293 447 444 469 recessum
467 440 619 470 tentatoris
639 440 763 476 legitur,
783 440 958 475 Matth.,1v,

178 489 207 516 11
228 497 236 516 :
253 497 267 515 t(
285 489 358 518 Ecce
381 488 481 525 angeli
495 491 696 525 accesserunt,
712 490 741 517 et
753 487 961 516 ministrabant

177 534 214 564 ei.
229 544 245 562 »
261 536 334 564 Item
347 537 415 572 post
428 543 545 564 coenam
559 535 590 563 in
613 535 748 564 oratione
759 555 768 571 ,
783 536 860 570 Luc„
875 542 938 562 xxn
950 555 959 570 ,

177 583 212 610 43
230 591 236 610 :
255 591 269 609 t(
283 582 426 619 Apparuit
441 582 485 610 illi
500 582 630 618 Angelus
645 583 682 611 de
698 582 774 611 coelo
789 581 961 610 confortans

179 636 258 658 eum.
267 638 281 656 ι)
297 630 368 658 Item
377 629 408 658 in
419 629 483 666 ejus
492 629 719 664 resurrectione,
729 630 845 665 Matth„
855 636 961 664 xxvm,

177 676 216 712 23
231 677 332 712 Marc„
345 684 414 711 xvi,
430 678 464 712 5;
480 677 556 712 Luc„
571 684 654 712 xxiv,
669 677 721 712 233
736 677 828 710 Joan„
842 677 960 711 xx,12:

181 732 195 748 α
218 723 349 758 Angelus
374 723 492 752 Domini
515 724 669 752 descendit
693 724 730 752 de
756 724 849 757 coelo,
866 734 879 750 »
906 725 960 752 etc.

178 771 250 799 Item
263 770 294 798 in
309 770 372 806 ejus
387 771 574 807 ascensione,
588 772 666 805 Act„
676 780 701 807 1,
716 773 749 801 10
765 780 771 799 :
785 781 800 798 α
815 773 887 800 Ecce
901 771 962 799 duo

179 816 236 845 viri
251 818 420 854 astiterunt,
436 829 450 845 n
470 821 525 847 etc.

219 874 233 891 ιι
247 865 387 902 Princeps
411 866 601 894 sacerdotum
615 887 623 901 ,
640 867 669 894 et
691 874 795 894 omnes
820 866 872 902 qui
896 874 964 894 cum

180 913 234 942 illo
255 915 339 940 erant
352 933 361 947 ‚
386 912 551 948 injecerunt
575 922 681 942 manus
702 914 733 942 in
753 913 921 950 apostolos,
939 915 965 942 et

181 961 347 997 posuerunt
363 968 414 988 eos
427 960 459 988 in
473 961 610 989 custodia
622 961 755 997 publica.
770 961 899 996 Angelus
915 969 965 989 au-

181 1009 241 1035 tem
258 1007 374 1035 Domini
389 1016 442 1043 per
456 1009 576 1036 noctem
597 1009 734 1045 aperiens
744 1009 852 1044 januas
867 1016 965 1036 carce-

183 1054 241 1089 ris,
257 1055 286 1082 et
301 1054 432 1083 educens
446 1063 513 1091 eOS,
535 1055 610 1084 dixit
626 1066 632 1083 :
650 1057 703 1090 lte,
721 1058 748 1084 et
760 1056 920 1092 loquimini
935 1056 966 1084 in

183 1101 296 1137 templo
311 1101 406 1137 plebi.
422 1112 436 1128 »
454 1103 530 1134 Act„
546 1110 574 1136 v,
591 1104 686 1132 17-20.

219 1148 348 1183 Angelus
359 1149 475 1176 Domini
489 1149 562 1178 dixit
577 1150 617 1178 ad
631 1149 825 1186 Philippum·:
841 1151 965 1185 «Surge,

183 1196 211 1223 et
224 1195 302 1223 vade
318 1198 422 1224 contra
441 1197 653 1225 meridianum.
670 1207 684 1224 »
701 1196 777 1232 Act„
792 1205 859 1233 v111,
874 1199 919 1226 26.
936 1199 969 1225 Et

182 1243 253 1270 tunc
274 1242 327 1271 ivit
351 1243 402 1271 ille
416 1265 423 1278 ,
449 1246 477 1272 et
501 1245 614 1273 invenit
638 1244 825 1280 eunuchum,
847 1248 875 1274 et
896 1253 967 1273 con-

183 1290 269 1317 vertit
288 1298 358 1318 eum
382 1291 421 1319 ad
442 1291 546 1320 fidem.

221 1338 375 1366 Cornelius
389 1339 543 1374 Centurio,
559 1339 605 1367 vir
628 1339 787 1375 religiosus
811 1341 839 1368 et
861 1339 969 1368 timens

185 1385 277 1412 Deum
297 1393 366 1413 cum
389 1386 472 1414 omni
492 1387 584 1415 domo
608 1395 678 1421 sua,
697 1387 772 1415 vidit
795 1387 969 1422 manifeste,

186 1432 272 1468 quasi
294 1432 371 1461 hora
394 1441 476 1462 nona
490 1433 724 1469 diei,Angclum
747 1434 797 1462 Dei
821 1435 970 1462 dicentem

185 1479 260 1507 sibi:
281 1491 293 1505 α
306 1481 435 1515 Corneli,
446 1491 459 1508 »
479 1483 546 1516 etc.,
561 1482 636 1516 Act„
650 1490 682 1516 x,
698 1483 712 1510 1
731 1484 756 1509 et
770 1490 826 1517 seq.

223 1527 391 1556 Dormiente
407 1530 491 1557 Petro
507 1529 538 1556 in
555 1529 678 1556 Herodis
693 1537 810 1556 carcere
821 1551 829 1564 ‚
849 1538 862 1555 «
877 1531 972 1564 Ange-

188 1573 234 1602 lus
251 1575 367 1602 Domini
389 1575 426 1604 de
451 1578 538 1603 nocte
561 1576 668 1611 astitit,
685 1578 712 1604 et
735 1576 837 1603 lumen
860 1575 973 1604 refulsit

188 1621 219 1649 in
232 1621 423 1657 habitaculo,
440 1631 642 1659 percussoque
662 1623 752 1652 latere
777 1623 841 1659 ejus
862 1623 971 1651 excita-

189 1669 231 1697 vit
246 1677 330 1704 eum,
347 1679 360 1696 »
379 1671 435 1698 etc.
450 1670 527 1704 Act„
542 1678 599 1704 xri,
615 1672 642 1698 7.

225 1716 356 1744 Herodes
377 1725 448 1752 rex,
469 1718 591 1745 vestitus
610 1720 691 1746 veste
713 1718 829 1754 regali,
850 1717 974 1746 sedebat

188 1771 244 1800 pro
273 1764 413 1792 tribunali
442 1773 449 1792 z
474 1765 605 1801 populus
634 1767 733 1793 autern
762 1765 949 1793 acclamabat
965 1775 971 1793 :

193 1821 207 1838 ι(
220 1812 313 1839 Voces
327 1812 395 1846 Dei,
411 1813 439 1840 et
457 1820 519 1840 non
533 1812 674 1840 hominis.
698 1812 858 1841 Confestim
873 1814 973 1840 autem

189 1858 334 1894 percussit
349 1867 417 1886 eum
432 1860 560 1894 Angelus
582 1860 716 1894 Domini,
734 1862 762 1887 et
778 1861 974 1896 consumptus

191 1913 210 1933 a
223 1905 376 1933 vermibus
397 1906 553 1941 expiravit.
569 1916 583 1932 n
602 1908 676 1942 Act„
691 1915 733 1935 xii
745 1928 753 1941 ,
768 1909 799 1934 21
818 1909 846 1934 et
859 1908 905 1935 23.

227 1952 410 1981 Gravissimae
430 1955 610 1989 tempestatis
634 1958 785 1991 tempore,
800 1954 907 1981 Paulus
922 1961 976 1982 vo-

192 1998 256 2027 lens
280 2000 377 2028 socios
403 2000 585 2036 confortare,
612 2001 686 2029 dixit
709 2010 715 2028 :
742 2011 756 2027 «
781 2001 875 2028 Astitit
900 2000 975 2028 mihi

192 2046 249 2075 hac
265 2049 352 2075 nocte
366 2048 495 2083 Angelus
510 2049 559 2077 Dei
576 2048 677 2077 dicens
691 2049 747 2077 :Ne
767 2048 884 2083 timeas,
899 2049 976 2076 Pau-

193 2093 238 2129 le,
253 2104 267 2122 »
282 2096 349 2130 etc.,
364 2095 440 2130 Act„
457 2104 555 2132 xxvn,
571 2097 616 2124 22.

233 2150 248 2167 «
268 2142 447 2178 Significavit
472 2144 547 2171 Deus
576 2151 641 2179 quae
667 2142 785 2178 oportet
810 2141 874 2169 fieri
899 2141 976 2177 cito,

194 2188 322 2224 loquens
345 2198 399 2225 per
424 2191 566 2226 angelum
588 2199 676 2218 suum
697 2197 784 2217 servo
808 2197 863 2216 suo
887 2190 977 2216 Joan-

195 2235 242 2271 ni,
258 2246 272 2263 »
290 2238 357 2271 etc.,
372 2237 501 2273 Apoc.,1,
518 2239 545 2266 1.
561 2240 709 2274 Totusque
719 2237 796 2266 liber
811 2236 861 2265 ille
871 2236 978 2272 plenus

197 2284 240 2311 est
252 2283 395 2319 angelicis
408 2285 652 2314 revelationibus.

389 2379 566 2414 CAPUT
604 2378 782 2413 XXXII.

436 2451 475 2479 De
492 2452 636 2487 spiritibus
655 2452 748 2479 malis.

234 2518 356 2553 Spiritus
370 2519 442 2547 mali
458 2519 597 2548 dicuntur
616 2528 678 2547 esse
694 2519 760 2553 Dei,
774 2518 846 2555 quia
865 2520 934 2546 sunt
948 2518 979 2547 in

198 2566 341 2600 potestate
364 2567 434 2602 Dei,
460 2568 489 2595 et
512 2575 566 2603 per
594 2575 662 2595 eum
691 2569 806 2596 tantum
834 2568 978 2602 possunt,

200 2611 350 2648 quidquid
359 2617 495 2650 possunt.
512 2618 521 2642 1
534 2615 615 2649 Rea„
629 2622 696 2650 xvr,
710 2617 743 2643 15
756 2624 762 2643 :
774 2614 919 2650 «Spiritus
929 2614 980 2643 Dei

200 2659 297 2687 malus
312 2662 440 2697 exagitat
454 2665 497 2698 te,
512 2673 527 2690 »
545 2662 658 2692 dictum
672 2664 715 2692 est
728 2663 820 2692 Sauli.

237 2707 358 2736 Daemon
378 2709 486 2738 occidit
507 2712 621 2746 septem
635 2711 715 2739 viros
738 2712 816 2740 Sarae
842 2709 910 2738 filiae
924 2710 980 2738 Ra-

1739 226 1798 261 527

1016 297 1127 333 guelis,
1138 298 1192 326 sed
1206 298 1260 326 fuit
1270 298 1380 334 ejectus
1393 305 1448 334 per
1458 297 1532 326 boni
1547 295 1647 334 angeli
1662 295 1800 334 Raphae—

1015 343 1052 373 lis
1067 345 1249 379 adventum,
1267 346 1341 380 Tob„
1354 353 1386 374 ιιι
1401 346 1430 374 et
1442 352 1506 374 vui.

1052 393 1147 429 Super
1166 392 1309 421 animalia
1322 392 1394 428 soh,
1411 393 1439 420 et
1462 391 1588 420 domum
1609 391 1662 420 ubi
1682 390 1737 419 filii
1752 390 1799 428 ip-

1016 439 1077 468 sius
1099 439 1319 474 comedebant,
1337 442 1365 468 et
1384 447 1473 476 super
1498 447 1607 476 corpus
1631 439 1723 475 ipsius
1744 438 1800 467 Job

1017 487 1105 515 Satan
1128 486 1226 523 potuit
1247 489 1377 521 tantum,
1402 488 1548 522 quantum
1574 485 1678 514 divina
1699 485 1801 522 provi-

1017 533 1117 562 dentia
1132 533 1340 570 permittebat,
1353 534 1414 568 Job,
1430 542 1439 562 1
1455 535 1483 561 et
1502 541 1532 562 ιι.

1054 581 1179 618 Spiritus
1194 581 1291 610 malus
1306 580 1374 609 fecit
1387 580 1542 609 hominem
1562 587 1673 608 saevum
1693 581 1721 608 et
1735 587 1802 608 cru-

1018 629 1133 664 delem,
1147 629 1261 663 Mami„
1272 636 1340 663 vm,
1356 629 1402 656 28.

1054 677 1126 704 ltem
1139 676 1207 704 facit
1215 676 1370 704 hominem
1384 674 1585 703 immundum.
1597 675 1670 703 Nam
1682 674 1725 703 illi
1741 673 1802 702 duo

1020 723 1199 751 daemoniaci
1222 723 1292 751 saevi
1320 722 1410 750 nimis
1434 722 1612 750 habitabant
1638 721 1670 749 in
1694 729 1803 749 monu-

1020 770 1142 806 mentis,
1157 772 1185 798 et
1199 770 1350 799 daemones
1369 770 1519 806 petierunt
1542 768 1652 796 intrare
1674 776 1802 805 porcos,

1020 827 1082 847 non
1111 826 1206 854 agnos
1219 839 1228 853 ,
1255 818 1371 852 Matth„
1399 824 1472 851 vm,
1498 816 1580 845 28-31
1594 825 1602 851 ;
1626 816 1704 851 Luc„
1732 823 1800 851 vui,

1021 867 1115 894 29-32.

1058 914 1129 941 ltem
1152 920 1229 940 unus
1245 912 1386 946 illorum,
1407 911 1550 939 famosior
1565 910 1696 945 scillcet,
1718 910 1806 938 vesti-

1022 962 1126 995 mentQ
1140 968 1202 988 non
1217 959 1417 995 induebatur,
1434 967 1532 995 neque
1555 959 1587 987 in
1606 958 1699 986 domo
1720 957 1807 986 habi-

1022 1008 1120 1043 tabat,
1136 1009 1164 1035 et
1188 1007 1374 1035 vinciebatur
1398 1006 1527 1040 catenis,
1556 1007 1583 1033 et
1608 1003 1807 1041 compedibus

1023 1055 1189 1083 custoditus
1206 1063 1213 1082 ι
1231 1056 1259 1082 et
1278 1053 1372 1089 ruptis
1396 1053 1522 1081 vinculis
1544 1052 1690 1088 agebatur
1709 1060 1728 1080 a
1750 1052 1808 1080 dae-

1023 1102 1126 1130 monio
1141 1102 1172 1130 in
1188 1102 1313 1130 deserta.
1330 1101 1405 1129 lbid.

1059 1151 1131 1178 ltem
1154 1149 1337 1177 daemonium
1365 1149 1435 1176 facit
1459 1148 1615 1176 hominem
1643 1154 1754 1175 caecum
1781 1148 1809 1175 et

1023 1198 1157 1232 mutum,
1172 1197 1286 1229 Matth„
1303 1205 1360 1231 xu,
1376 1198 1404 1224 et
1417 1197 1494 1230 Luc„
1509 1203 1551 1223 xx.

1060 1245 1132 1272 Item
1144 1252 1152 1271 :
1165 1253 1178 1270 (ι
1192 1245 1266 1272 Cum
1281 1252 1350 1271 eum
1366 1242 1606 1279 apprehenderit,
1619 1240 1716 1270 allidit
1729 1249 1808 1275 eum,

1025 1293 1053 1319 et
1067 1293 1195 1327 spumat,
1213 1293 1241 1318 et
1253 1290 1356 1318 stridet
1370 1290 1520 1324 dentibus,
1535 1290 1564 1317 et
1578 1289 1698 1324 arescit3
1713 1289 1741 1316 et
1756 1288 1811 1316 fre-

1024 1339 1150 1375 quenter
1162 1346 1231 1366 eum
1245 1338 1277 1365 in
1289 1337 1401 1373 ignem,
1414 1339 1442 1365 et
1455 1344 1566 1373 aquam
1581 1335 1678 1370 mittit,
1694 1337 1727 1363 ut
1741 1343 1810 1363 eum

1024 1385 1140 1421 perdat.
1157 1395 1172 1413 n
1190 1387 1285 1417 Marc..
1302 1393 1343 1420 lx,
1360 1386 1404 1413 17.

1061 1433 1176 1461 Laudes
1197 1432 1397 1467 malignorum
1418 1431 1593 1467 spirituum,
1618 1430 1686 1458 licet
1708 1437 1809 1465 veras,

1025 1480 1168 1508 Dominus
1181 1479 1355 1513 recusabat,
1373 1480 1472 1512 Marc„
1489 1486 1510 1511 1,
1525 1480 1570 1506 25.
1591 1486 1604 1503 α
1623 1477 1810 1512 Obmutesce,

1027 1529 1055 1555 et
1069 1527 1116 1555 exi
1132 1527 1170 1554 ab
1187 1534 1266 1561 e0,»
1289 1527 1364 1560 Luc„
1379 1534 1419 1559 iv,
1439 1527 1482 1554 35.
1499 1526 1580 1560 Item,
1600 1526 1677 1556 Luc..
1694 1532 1735 1559 iv,
1751 1525 1782 1551 41
1802 1533 1809 1552 2

1030 1576 1212 1610 «increpans
1226 1581 1288 1601 non
1304 1572 1420 1601 sinebat
1435 1580 1470 1600 ea
1483 1572 1580 1608 loqui,
1596 1581 1609 1598 »
1627 1573 1682 1600 etc.

1064 1622 1240 1649 Potestatem
1256 1619 1475 1648 daemoniorum
1488 1627 1614 1656 parvam
1629 1626 1691 1646 esse
1706 1626 1744 1646 ex
1754 1617 1812 1646 hoc

1026 1670 1118 1704 patet,
1136 1668 1207 1704 quia
1218 1676 1273 1695 nec
1285 1668 1316 1694 in
1327 1674 1435 1703 porcos
1449 1667 1611 1702 potuerunt
1625 1665 1745 1701 intrare,
1756 1665 1813 1693 nisi

1027 1716 1118 1752 petita
1133 1724 1149 1743 a
1164 1715 1277 1743 Christo
1292 1714 1423 1748 licentia,
1434 1715 1462 1742 et
1476 1713 1608 1748 obtenta,
1623 1713 1737 1748 Macte„
1749 1720 1812 1748 vm,

1030 1765 1075 1797 31,
1090 1764 1140 1798 323
1160 1763 1236 1794 Luc..
1254 1770 1317 1796 vu1,
1333 1763 1380 1797 31,
1394 1763 1439 1789 32.

1064 1809 1218 1838 Prohibuit
1233 1808 1385 1843 Dominus,
1409 1816 1446 1836 ne
1468 1807 1635 1843 gauderent
1654 1806 1811 1844 discipuli,

1028 1857 1053 1886 si
1069 1857 1188 1893 spiritus
1200 1855 1326 1891 maligni
1338 1855 1571 1890 subjiciebantur
1583 1854 1634 1882 eis.
1643 1855 1757 1889 Luc.,x,
1768 1855 1813 1882 20.

1064 1903 1166 1932 Puella
1185 1903 1324 1939 quaedam
1346 1902 1461 1931 habens
1491 1902 1628 1939 spiritum
1650 1902 1815 1938 pythonem

1030 1951 1179 1979 clamabat
1194 1950 1294 1978 multis
1309 1949 1415 1977 diebus
1437 1951 1505 1985 post
1519 1949 1659 1983 Paulum,
1676 1950 1704 1976 et
1719 1948 1815 1976 socios

1031 1999 1108 2034 ejus;
1126 1997 1231 2026 dolens
1251 1999 1351 2024 autem
1366 1996 1484 2030 Paulus,
1499 2004 1661 2023 conversus
1675 1995 1715 2023 ad
1727 1995 1814 2031 spiri-

1031 2047 1105 2079 tum,
1120 2045 1160 2072 ait
1177 2054 1183 2072 :
1201 2054 1213 2070 (ι
1228 2044 1368 2080 Praecipio
1383 2043 1436 2071 tibi
1451 2043 1482 2070 in
1496 2041 1618 2070 nomine
1634 2042 1749 2070 Domini
1764 2049 1817 2069 no-

1031 2092 1082 2120 stri
1096 2093 1163 2119 Jesu
1186 2091 1290 2119 Christi
1306 2091 1386 2118 exire
1401 2089 1440 2118 ab
1457 2098 1501 2117 ea.
1517 2099 1531 2116 »ι
1550 2090 1584 2117 Et
1603 2088 1693 2116 exivit
1707 2088 1815 2116 eadem

1031 2139 1107 2167 hora
1124 2148 1130 2167 :
1147 2146 1209 2166 non
1224 2138 1304 2166 enim
1320 2137 1442 2165 curabat
1457 2136 1563 2164 Paulus
1578 2136 1746 2164 doctrinam
1762 2143 1815 2163 ve-

1031 2186 1123 2215 ritatis
1137 2186 1309 2214 confirmari
1332 2192 1387 2221 per
1410 2184 1549 2221 spiritum
1568 2182 1714 2212 falsitatis.
1739 2182 1815 2218 Act„

1031 2242 1093 2269 xw,
1111 2235 1156 2268 16,
1174 2234 1219 2262 18.

1067 2280 1196 2315 Quidam
1221 2279 1315 2309 Judaei
1344 2279 1532 2308 tentaverunt
1554 2277 1696 2306 invocare
1727 2284 1817 2313 super

1032 2336 1095 2364 eOS,
1107 2328 1157 2364 qui
1167 2327 1320 2356 habebant
1330 2326 1448 2363 spiritus
1458 2326 1565 2361 malos,
1577 2333 1690 2353 nomen
1699 2323 1816 2352 Domini

1031 2376 1110 2410 Jesu,
1129 2375 1259 2403 dicentes
1274 2384 1281 2403 :
1299 2384 1314 2401 ι(
1331 2374 1442 2409 Adjuro
1458 2382 1512 2401 vos
1527 2381 1581 2409 per
1595 2374 1705 2407 Jesum,
1726 2378 1816 2407 quem

1033 2422 1142 2451 Paulus
1156 2422 1338 2459 praedicat.»
1362 2420 1557 2457 Respondens
1581 2420 1680 2447 autem
1699 2417 1817 2453 spiritus

1032 2477 1164 2506 nequam
1186 2469 1260 2497 dixit
1275 2479 1283 2496 .-
1300 2478 1314 2495 c<
1327 2470 1426 2497 Jesum
1448 2467 1534 2502 novi,
1549 2468 1577 2494 et
1591 2465 1715 2494 Paulum
1729 2464 1790 2492 scio
1807 2471 1815 2492 :

1032 2525 1087 2545 vos
1115 2518 1214 2545 autem
1241 2516 1293 2552 qui
1322 2515 1414 2544 estis?
1439 2525 1454 2540 n
1485 2516 1517 2542 Et
1545 2513 1669 2541 exiliens
1695 2511 1788 2538 homo
1806 2531 1816 2545 ,

1034 2564 1065 2592 in
1085 2572 1147 2600 quo
1167 2565 1229 2591 erat
1244 2562 1426 2591 daemonium
1441 2561 1624 2598 pessimum,
1646 2558 1817 2587 dominatus

1034 2612 1077 2639 est
1091 2618 1207 2645 eorum,
1225 2612 1254 2638 et
1268 2609 1393 2638 invaluit
1407 2611 1512 2637 contra
1531 2607 1619 2642 illos,
1640 2606 1680 2634 ita
1696 2607 1728 2634 ut
1742 2605 1817 2634 nudi

1035 2662 1063 2688 et
1096 2657 1242 2688 vulnerati
1270 2657 1443 2687 recederent
1473 2656 1511 2684 de
1538 2655 1629 2684 domo
1654 2653 1715 2682 illa.
1739 2655 1822 2686 Act,

1035 2714 1097 2741 xrx,
1116 2708 1160 2741 13,
1176 2708 1219 2734 16.
