2004 3037
173 325 228 351 Lib.
243 325 286 350 vt.
301 325 338 350 De
353 325 575 350 sacramentorum
586 324 724 350 virtute.—
732 324 794 356 Cap.
804 324 827 349 1.
839 324 875 349 De

204 357 332 382 medicina
346 359 610 382 sacramentorum.—
624 357 685 388 Cap.
701 357 724 381 2.
736 356 774 382 Dc
780 355 874 381 diffini-

204 388 317 414 tionibus
332 390 562 414 sacramentorum.

173 421 235 450 Cap.
249 421 271 445 3.
286 421 322 444 ΒΘ
332 419 500 444 sacramentis
513 426 590 445 novae
601 419 675 452 legis,
685 425 730 444 seu
744 418 874 451 gratita.—

204 452 267 483 Cap.
285 452 308 476 t.
324 452 360 476 ΒΘ
373 450 466 476 effectu
478 452 698 476 sacramentorum
712 457 789 475 novae
800 449 873 482 legis.

173 483 235 514 Cap.
252 484 277 507 5.
295 483 330 507 Dc
343 489 452 507 numero
463 485 692 508 sacramentorum.

173 515 236 546 Cap.
260 515 283 538 0.
309 514 345 538 ΒΘ
363 515 489 543 potestate
510 513 707 551 dispensationis
726 519 873 538 sacramen-

204 548 300 570 torum.
313 559 345 564 —
355 545 417 575 Cap.
433 547 457 569 7.
474 546 510 570 De
529 545 622 578 triplici
637 547 704 570 statu
718 544 842 570 fidelium.

173 577 234 608 Cap.
250 578 274 601 8.
287 577 322 601 De
331 576 492 601 institutione
502 579 764 602 sacramentorum.—
775 576 837 607 Cap.
850 576 873 600 9.

207 610 241 633 Dc
257 611 419 633 sacramento
434 608 566 640 baptismi.

172 640 235 671 Cap.
250 641 288 664 10.
301 641 337 665 ΒΘ
347 639 514 672 catechismo,
526 643 551 665 et
562 639 750 664 exorcism0.-
759 639 821 670 Cap.
835 639 873 663 11.

203 672 240 696 ΒΘ
258 671 463 696 confirmatione.

171 703 234 734 Cap.
249 704 287 727 12.
303 703 339 727 ΒΘ
354 702 515 727 sacramento
530 701 704 727 Eucharistiae.

171 735 233 764 Cap.
251 735 290 758 13.
308 735 343 758 ΒΘ
358 733 481 765 dignitate
501 735 527 758 et
548 733 700 759 excellentia
719 733 874 758 sacramenti

203 764 378 790 Eucharistiae.

171 797 295 853 Cant—14.
319 797 356 821 ΒΘ
380 796 541 821 mirabilibus
564 803 622 828 quae
643 798 703 821 sunt
725 796 752 821 iu
771 796 872 821 Eucha-

202 835 237 853 ris
250 835 283 853 ta.

171 860 233 891 Cap.
259 861 296 884 15.
323 860 360 883 ΒΘ
386 858 478 884 effectu
505 859 531 883 in
557 858 755 890 suscipientibus
779 865 824 882 cor
844 865 874 882 us

202 891 417 922 Christi—Cap.
435 892 472 915 16.
489 891 526 915 ΒΘ
545 891 623 915 modo
639 890 755 915 sumendi
773 890 824 914 Euc
845 897 876 914 a-

203 923 309 947 ristiam.

171 954 232 986 cap.
250 956 287 978 17.
301 955 337 978 De
353 953 508 978 abstinentia
522 960 537 977 a
554 952 747 977 communione.

171 985 233 1017 Cap.
251 987 288 1010 18.
306 986 342 1010 ΒΘ
358 985 442 1010 officio
454 984 547 1009 Missae.

171 1017 233 1048 Cap.
256 1018 294 1041 19.
320 1017 357 1041 ΒΘ
383 1016 544 1048 negligentiis
569 1022 626 1046 quae
651 1015 714 1040 fiunt
737 1015 763 1039 in
787 1014 872 1040 Missa.

203 1062 230 1066 —-
245 1049 306 1079 Cap.
325 1049 363 1072 20.
382 1049 418 1072 De
433 1049 594 1072 sacramento
610 1047 778 1082 poenitentiae.

170 1080 232 1111 Cap.
246 1081 285 1104 21.
302 1080 337 1103 ΒΘ
353 1079 472 1110 qualitate
484 1078 653 1110 poeuitentiae.

171 1112 233 1142 Cap.
247 1113 288 1135 22.
305 1111 341 1135 ΒΘ
354 1110 446 1135 effectu
461 1110 629 1142 poenitentiae.

170 1143 232 1174 Cap.
244 1144 284 1167 23.
298 1143 336 1167 ΒΘ
351 1141 466 1173 partibus
481 1141 648 1173 poenitentioe.
660 1154 689 1159 —·
703 1141 764 1171 Cap.
780 1141 820 1166 24.
837 1142 873 1165 De

202 1174 366 1199 contritione.

170 1206 232 1236 Cap.
248 1207 287 1230 25.
305 1206 341 1230 De
357 1205 528 1229 confessione.

170 1237 233 1268 Cap.
260 1238 299 1261 26.
324 1237 358 1260 ΒΘ
383 1237 503 1267 qualitate
530 1236 555 1260 et
578 1235 670 1260 effectu
695 1234 872 1260 consessionis.

199 1282 231 1287 —
246 1269 307 1299 Cap.
323 1269 362 1292 27.
381 1268 427 1292 Cui
443 1268 535 1292 debeat
549 1267 603 1291 fieri
618 1267 758 1291 consessio.

169 1300 231 1331 Cap.
255 1301 293 1324 28.
316 1300 350 1323 ΒΘ
367 1299 449 1331 sigillo
472 1299 650 1323 confessionis.
661 1311 691 1316 ——
706 1299 766 1329 Cap.
780 1299 819 1322 29.
836 1298 872 1322 ΒΘ

200 1330 381 1356 satisfactione.
394 1344 421 1348 —
439 1331 500 1362 Cap.
522 1331 559 1354 30.
584 1331 621 1354 De
637 1329 743 1361 singulis
759 1329 873 1361 partibus

201 1362 380 1387 satisfactionis
394 1362 422 1386 in
436 1361 577 1386 communi.

169 1394 231 1424 Cap.
263 1395 302 1418 31.
335 1394 371 1418 De
400 1393 505 1424 singulis
536 1393 652 1424 partibus
682 1392 871 1417 satisfactionis.

199 1439 230 1443 -
244 1426 305 1456 Cap.
320 1426 359 1449 32.
374 1426 410 1449 ΒΘ
422 1425 604 1456 justificatione
620 1424 700 1455 impii.

170 1457 232 1488 Cap.
249 1458 287 1481 33.
304 1457 341 1481 De
356 1457 510 1487 poenitentia
524 1455 672 1480 venialium.

169 1489 289 1543 Cap3134.
314 1489 423 1519 Propter
440 1487 501 1519 quid
518 1487 659 1512 dimittatur
676 1488 810 1518 peccatum
825 1493 874 1511 ve-

200 1526 243 1544 ma
254 1527 277 1544 e.

169 1551 231 1582 Cap.
251 1552 291 1575 35.
307 1551 344 1575 De
368 1552 485 1574 extrema
501 1550 633 1575 unctione.
653 1564 679 1566 —
697 1550 759 1580 Cap.
776 1550 815 1573 36.
836 1550 872 1574 ΒΘ

201 1584 364 1607 sacramento
379 1582 486 1606 ordinis.

169 1614 232 1644 Cup.
249 1615 287 1638 37.
305 1615 342 1638 De
357 1613 477 1644 qualitate
494 1613 706 1637 ordinandorum.

170 1645 231 1676 Cap.
248 1647 287 1669 38.
305 1646 341 1669 De
357 1646 518 1669 sacramento
533 1643 699 1668 matrimonii.

170 1676 284 1701 Lib.Vll.
299 1677 335 1700 De
350 1676 444 1700 ultimis
456 1676 658 1707 temporibus—
666 1675 727 1706 Cap.
743 1677 764 1699 1.
777 1675 813 1699 ΒΘ
824 1674 872 1698 tine

201 1708 333 1732 1111111111-
348 1708 410 1738 Cap.
427 1710 450 1731 2.
469 1708 505 1731 ΒΘ
522 1707 680 1739 purgatorio.

170 1739 231 1770 Cap.
246 1742 269 1763 3.
283 1740 317 1763 ΒΘ
327 1739 466 1763 acerbitate
477 1745 560 1769 poena:
571 1737 722 1770 purgatorii.
730 1751 759 1755 —
770 1738 832 1768 Cap.
849 1738 872 1762 4.

202 1772 238 1795 De
251 1770 378 1801 suffragiis
394 1770 523 1794 Ecclesiae.

169 1802 231 1833 Cap.
247 1803 270 1826 5.
287 1802 403 1830 Quorum
418 1801 539 1832 suffragia
553 1800 667 1831 prosint,
684 1802 709 1824 ct
729 1800 831 1830 quibus.
844 1813 874 1818 —

201 1836 263 1864 Cap.
279 1834 302 1857 6.
321 1833 411 1857 Utrum
431 1832 597 1863 indulgentiae
618 1831 719 1862 prosint
736 1831 872 1855 defunctis.

170 1865 231 1895 Cap.
245 1866 269 1888 7.
286 1865 321 1888 ΒΘ
332 1864 444 1888 adventu
454 1863 646 1888 Antichristi.-—
658 1863 720 1893 Cap.
733 1865 756 1886 ὃ.
773 1863 808 1886 ΒΘ
824 1862 875 1886 vita

201 1895 391 1920 Antichristi.—
406 1895 467 1926 Cap.
488 1897 512 1919 9.
530 1896 567 1918 De
591 1897 700 1926 quatuor
716 1893 800 1918 modis
815 1894 874 1925 qui-

200 1927 248 1951 bus
266 1926 388 1957 decipiet.

169 1959 229 1989 Cap.
245 1959 282 1983 10.
294 1958 330 1982 De
341 1957 508 1988 sequentibus
520 1956 712 1981 Antichristum.

171 1990 234 2021 Cap.
249 1991 287 2013 11.
303 1989 340 2013 ΒΘ
356 1989 411 2020 Gog
423 1991 448 2012 et
462 1989 564 2019 Magog.
576 2001 606 2005 —-
621 1988 681 2018 Cap.
696 1989 732 2011 12.
745 1988 780 2011 ΒΘ
790 1987 842 2010 Elia
850 1989 874 2010 et

200 2021 330 2045 Enoch.—
339 2021 400 2051 Cap.
418 2021 453 2044 13.
470 2020 506 2043 De
519 2019 653 2043 duratione
665 2018 738 2049 liujus
752 2025 873 2049 persecu-

199 2052 319 2076 tionis.--
331 2051 391 2081 Cap.
409 2052 445 2075 14.
464 2052 498 2075 ΒΘ
514 2052 595 2075 morte
612 2049 768 2074 Anticliristi.

168 2083 232 2115 Cap.
246 2085 283 2108 15.
294 2083 332 2107 De
340 2082 541 2113 conflagratione
550 2081 648 2106 mundi.
663 2094 692 2098 ——-
703 2081 765 2112 Cap.
780 2081 817 2104 16.
834 2081 871 2105 ΒΘ

200 2115 389 2139 resurrectione
405 2113 527 2143 generali.

169 2147 230 2177 Cap.
244 2148 283 2170 17.
298 2145 439 2177 Dejudicio
453 2148 580 2169 extremo.
592 2158 619 2161 -
634 2144 695 2175 Cap.
708 2144 747 2168 18.
759 2143 872 2175 Dejudi-

201 2178 329 2202 cantibus.

168 2210 231 2239 Cap.
243 2211 278 2233 10.
289 2208 519 2239 Dejudicandis.—
530 2208 591 2238 Cap.
605 2209 644 2231 20.
658 2208 694 2231 ΒΘ
705 2205 872 2230 innovatione

199 2240 298 2265 mundi.

168 2272 229 2302 Cap.
242 2274 281 2296 21.
300 2272 336 2295 ΒΘ
351 2270 550 2301 poenisinserni.

167 2304 228 2334 Cap.
244 2305 284 2327 22.
300 2303 336 2326 ΒΘ
351 2302 499 2326 diversitate
512 2307 658 2332 poenarum.

167 2335 229 2364 Cap.
246 2336 284 2358 23.
300 2334 337 2358 ΒΘ
353 2334 434 2363 gloria
447 2336 637 2357 sauctorum.-
653 2332 714 2363 Cap.
725 2333 763 2356 24.
778 2332 814 2355 De
825 2331 872 2355 do-

200 2366 266 2390 tibus
278 2365 303 2389 in
321 2365 462 2389 communi.

167 2397 229 2428 Cap.
240 2398 279 2421 25.
290 2398 326 2420 ΒΘ
338 2396 440 2420 dotibus
450 2396 541 2419 animm
554 2395 579 2419 in
588 2394 710 2423 aenerali.
722 2408 749 2411 -
759 2394 821 2425 Cap.
832 2395 870 2418 26.

201 2430 236 2453 ΒΘ
254 2428 357 2453 dotibus
371 2427 464 2451 animae
478 2427 505 2450 in
520 2426 632 2456 speciali.

168 2460 227 2491 Cap.
245 2462 282 2484 27.
298 2460 334 2483 ΒΘ
350 2459 453 2483 dotibus
466 2458 583 2488 corporis
598 2458 623 2481 iu
638 2457 760 2489 generali.

167 2492 229 2521 Cap.
246 2493 284 2515 28.
302 2492 338 2514 ΒΘ
353 2490 456 2514 dotibus
472 2489 587 2520 corporis
602 2489 628 2512 iu
641 2488 754 2520 speciali.

168 2523 230 2553 Cap.
244 2524 281 2546 29.
300 2524 335 2546 ΒΘ
350 2521 461 2545 aureolis
477 2521 502 2544 iu
515 2527 621 2551 genere.

168 2554 229 2584 Cap.
242 2554 280 2577 30.
294 2554 330 2577 De
345 2552 454 2576 aureolis
470 2552 495 2576 in
511 2551 605 2580 specie.

169 2586 230 2615 Cap.
247 2586 286 2608 31.
305 2583 469 2609 Enumeratio
487 2583 629 2607 coelestium
645 2582 807 2613 gaudiorum.

169 2617 260 2641 DIAETA
275 2621 393 2641 saneris.
410 2616 598 2646 Argumentum
614 2615 656 2644 (ex
674 2614 735 2638 edit.
752 2614 854 2644 Vatic.).

170 2647 339 2671 Prooemium.

168 2679 216 2704 Tit.
233 2680 251 2702 l.
265 2679 301 2713 ΒΘ
316 2678 437 2710 peccatis.
449 2691 475 2695 —--
493 2677 554 2708 Cap.
566 2680 589 2702 1.
602 2677 638 2701 ne
647 2678 753 2708 peccato
763 2676 789 2701 in
798 2684 870 2701 com-

202 2717 284 2733 muni.

170 2742 232 2771 Cap.
248 2743 270 2765 2.
288 2742 323 2765 ΒΘ
336 2742 441 2773 peccato
455 2740 479 2764 in
495 2739 608 2772 speciali.

921 255 1052 288 lNDEX.

907 386 952 411 202

907 450 952 474 203

906 481 952 506 204

906 545 951 568 205

907 607 952 631 206

906 670 951 694 208

906 702 951 725 209

907 765 951 788 210

906 828 948 851 211

906 922 951 945 212

906 953 951 976 213

907 984 951 1008 214

906 1047 951 1070 215

906 1078 951 1102 216

906 1110 950 1133 217

906 1172 950 1196 218

906 1205 951 1227 219

905 1267 951 1291 220

906 1362 949 1385 221

905 1425 951 1448 222

905 1457 950 1480 223

906 1518 951 1542 224

906 1582 950 1604 225

906 1614 951 1636 226

905 1644 950 1668 227

907 1707 951 1730 229

906 1769 951 1793 230

906 1832 950 1856 231

907 1926 952 1949 232

907 1957 951 1980 ‘233

906 2050 951 2073 231

907 2113 950 2136 235

905 2176 951 2199 236

906 2239 951 2262 237

905 2270 950 2292 ‘238

905 2302 950 2324 239

904 2364 949 2387 210

905 2428 947 2452 2-11

904 2460 950 2482 242

905 2491 949 2514 213

905 2522 949 2545 244

904 2554 949 2576 245

905 2585 949 2607 216

904 2616 949 2638 217

905 2647 949 2670 248

905 2710 949 2734 ‘249

904 2742 948 2764 250

1010 324 1073 355 cap.
1089 326 1113 350 3.
1130 325 1166 350 De
1181 325 1311 357 superbia.

1010 356 1071 387 Cap.
1086 358 1109 382 4.
1122 357 1158 381 De
1173 357 1278 383 invidia.

1009 387 1071 419 Cap.
1088 390 1112 413 5.
1130 389 1165 413 ΒΘ
1181 389 1229 414 ira.

1009 418 1071 450 cap.
1088 421 1112 445 6.
1127 420 1164 445 ΒΘ
1182 419 1298 445 avaritia.

1009 451 1072 481 Cap.
1087 452 1111 476 7.
1126 452 1163 476 ΒΘ
1175 451 1274 476 acedia.

1009 482 1071 514 Cap.
1087 484 1110 508 8.
1123 484 1160 508 ΒΘ
1194 483 1244 507 ula.

1009 514 1071 545 Cap.
1088 515 1111 539 9.
1129 515 1165 539 De
1192 514 1292 539 uxoria.

1008 545 1056 570 Tit.
1070 546 1099 570 11.
1111 546 1148 571 ΒΘ
1159 545 1320 578 poenitentia,
1336 546 1362 571 et
1375 545 1430 578 ejus
1442 545 1600 577 partibus.—
1609 545 1672 578 Cap.
1688 548 1710 571 1.

1040 577 1078 602 ΒΘ
1089 578 1239 608 poenitentia
1254 577 1281 601 in
1295 584 1400 609 genere.

1009 608 1070 639 Cap.
1087 611 1110 634 2.
1128 610 1164 634 ΒΘ
1180 609 1344 634 contritione.

1009 640 1070 671 Cap.
1087 642 1110 665 3.
1124 641 1161 665 De
1177 640 1351 665 confessione.

1009 672 1070 702 Cap.
1086 673 1108 697 t.
1122 673 1159 696 De
1172 671 1354 697 satisfactione.

1009 703 1070 734 Cap.
1087 705 1111 728 5.
1126 704 1162 729 De
1178 703 1304 728 oratione.

1008 735 1070 765 Cap.
1086 736 1110 759 6.
1127 736 1162 760 ΒΘ
1177 734 1287 766 jejunio.

1008 768 1070 797 Cap.
1084 767 1108 790 7.
1125 767 1162 791 De
1176 766 1350 801 eleemosyna.
1374 796 1378 800 Ι

1008 798 1055 822 Tit.
1075 798 1115 823 lll.
1131 799 1166 822 ΒΘ
1178 800 1313 829 praeceptis
1328 795 1540 827 divinis—Cap.
1555 797 1578 821 1.
1595 796 1631 820 De
1646 802 1712 827 prae-

1040 829 1120 860 ceptis
1135 829 1162 853 in
1177 828 1320 853 communi.

1009 860 1068 891 Cap.
1087 863 1111 885 2.
1128 862 1164 885 ΒΘ
1179 860 1316 892 praeceptis
1332 860 1421 891 primae
1437 858 1539 883 tabulae.

1008 892 1069 922 Cap.
1083 893 1106 917 3.
1128 893 1165 917 De
1180 892 1318 923 praeceptis
1335 891 1455 916 secundoe
1467 890 1571 919 tabulae.
1588 892 1614 915 et
1627 891 1712 922 primo

1039 924 1071 948 de
1086 923 1185 948 honore
1200 925 1345 954 parentum.

1008 955 1069 986 Cap.
1079 957 1101 979 4.
1115 956 1152 980 De
1161 962 1215 979 non
1226 955 1343 979 laedendo
1356 953 1489 983 proximo,
1505 953 1547 977 vel
1558 953 1710 978 occidendo.

1039 1000 1070 1004 —
1082 988 1145 1016 Cap.
1162 989 1186 1011 5.
1201 987 1236 1010 De
1251 986 1424 1017 prohibitione
1437 985 1591 1009 concubitus
1605 984 1697 1009 illiciti.

1008 1018 1070 1047 Cap.
1082 1019 1104 1043 6.
1121 1019 1158 1042 ΒΘ
1169 1017 1344 1049 prohibitione
1359 1017 1474 1041 furtis.—
1488 1017 1551 1047 Cap.
1565 1017 1589 1040 7.
1608 1017 1644 1040 De
1658 1023 1712 1040 non

1040 1049 1149 1074 diceudo
1160 1049 1225 1074 falsa
1235 1049 1391 1079 testimonio,
1403 1048 1470 1072 etde
1483 1047 1594 1079 peccatis
1607 1048 1710 1079 tinguae.

1008 1081 1070 1111 Cap.
1087 1083 1110 1105 8.
1125 1082 1160 1105 ΒΘ
1175 1080 1349 1112 prohibitione
1365 1079 1591 1110 concupiscentiae.

1008 1112 1070 1143 Cap.
1091 1114 1116 1137 9.
1138 1113 1173 1136 ΒΘ
1192 1114 1382 1143 praeceptorum
1407 1111 1519 1135 editione
1543 1117 1573 1134 ac
1595 1110 1713 1141 promul-

1039 1143 1152 1174 gatione.
1165 1158 1196 1161 —
1211 1144 1273 1174 Cap.
1287 1145 1324 1167 10.
1336 1143 1410 1172 Quod
1429 1145 1633 1174 transgressores
1644 1149 1712 1173 prze-

1039 1178 1182 1206 ceptorum,
1194 1176 1273 1199 instar
1286 1174 1433 1201 Pharaonis,
1447 1174 1537 1198 decem
1546 1174 1713 1199 mulctantur.
1746 1182 1751 1186 ·
1779 1182 1783 1186 ·

1008 1207 1113 1242 Titgtv.
1127 1207 1163 1231 De
1179 1206 1292 1231 consiliis
1304 1205 1469 1238 evangelicis.
1483 1205 1545 1236 Cap.
1561 1207 1584 1229 1.
1601 1205 1638 1230 ΒΘ
1653 1205 1711 1230 1·Θ11-

1009 1245 1160 1300 ΟΘῇΙἛὲΒΘ
1173 1269 1332 1294 obedientia.

1009 1302 1069 1332 [lap.
1084 1304 1107 1326 3.
1123 1302 1160 1325 ΒΘ
1175 1303 1335 1332 paupertate.

1008 1333 1069 1363 Cap.
1086 1334 1108 1356 4.
1127 1333 1164 1357 De
1180 1333 1305 1357 castitate.

1007 1364 1056 1389 Tit.
1073 1365 1102 1389 V.
1121 1365 1157 1388 De
1173 1364 1309 1388 virtutibus
1324 1363 1477 1395 theologicis
1492 1365 1517 1388 et
1531 1362 1712 1388 cardinalibus.

1040 1396 1101 1427 Cap.
1120 1398 1142 1420 1.
1159 1396 1195 1419 De
1208 1395 1302 1420 virtute
1317 1395 1344 1420 iu
1360 1394 1500 1420 communi.

1008 1427 1070 1457 Cap.
1086 1429 1110 1451 2.
1127 1428 1164 1451 ΒΘ
1178 1427 1312 1452 charitate.

1009 1458 1071 1489 Cap.
1085 1460 1109 1483 3.
1123 1459 1159 1482 ΒΘ
1175 1459 1234 1482 fide.

1009 1490 1070 1520 Cap.
1088 1491 1110 1514 4.
1125 1490 1162 1514 ΒΘ
1173 1497 1228 1520 spe.

1009 1522 1070 1552 Cap.
1088 1523 1110 1545 5.
1127 1522 1163 1545 ΒΘ
1179 1521 1326 1551 prudentia.

1011 1554 1072 1583 Cap.
1089 1554 1112 1576 6.
1128 1554 1163 1577 ΒΘ
1180 1552 1358 1583 temperantia.

1010 1584 1073 1615 Cap.
1088 1586 1111 1608 7.
1127 1585 1164 1608 De
1177 1584 1336 1608 fortitudine.

1010 1616 1070 1646 Cap.
1088 1617 1111 1639 8.
1128 1617 1165 1640 De
1177 1615 1283 1647 justitia.

1009 1648 1056 1672 Tit.
1073 1647 1116 1671 Vl.
1130 1648 1167 1671 ΒΘ
1183 1649 1282 1677 septem
1294 1646 1368 1671 donis
1382 1646 1491 1677 Spiritus
1505 1646 1595 1670 sancti.
1610 1645 1673 1677 Cap.
1690 1647 1712 1670 1.

1040 1679 1077 1702 ΒΘ
1093 1679 1162 1703 dono
1177 1678 1286 1702 timoris.

1009 1710 1071 1740 Cap.
1086 1712 1110 1734 2.
1126 1711 1162 1734 De
1173 1710 1241 1734 dono
1258 1709 1366 1733 consilii.

1010 1742 1072 1772 Cap.
1084 1743 1107 1765 3.
1125 1742 1160 1765 De
1175 1742 1243 1765 dono
1259 1741 1412 1765 intellectus.

1011 1773 1072 1803 Cup.
1085 1775 1108 1797 4.
1123 1774 1159 1797 De
1175 1773 1244 1797 douo
1255 1772 1396 1803 sapientiae.

1009 1805 1057 1829 Tit.
1083 1805 1135 1829 Vll.
1152 1805 1188 1828 De
1210 1803 1411 1827 beatitudinibus
1428 1802 1591 1834 evangelicis.
1608 1803 1669 1834 Cap.
1690 1804 1712 1826 1.

1042 1837 1077 1859 ΒΘ
1092 1836 1242 1860 humilitate.

1010 1867 1072 1898 Cap.
1087 1869 1111 1891 2.
1128 1868 1165 1891 ΒΘ
1180 1866 1385 1896 mansuetudine,
1403 1865 1444 1890 vel
1458 1865 1575 1890 militate.

1009 1899 1061 1929 Cap
1088 1900 1112 1922 3.
1128 1899 1165 1923 De
1180 1899 1251 1922 fletu.

1009 1930 1069 1960 Cap.
1089 1931 1111 1954 4.
1129 1931 1166 1954 De
1181 1929 1367 1953 misericordia.

1009 1962 1070 1991 Cap.
1086 1963 1108 1984 5.
1126 1963 1162 1985 De
1178 1960 1304 1984 munditia
1317 1959 1410 1984 cordis.

1010 1993 1070 2022 Cap.
1087 1994 1110 2016 6.
1124 1993 1161 2016 ΒΘ
1176 1999 1248 2023 pace.

1009 2024 1071 2053 Cap.
1088 2025 1111 2046 7.
1129 2025 1164 2047 ΒΘ
1177 2022 1310 2054 patientia.
1519 2050 1523 2055 .

1008 2054 1055 2078 Tit.
1068 2055 1134 2078 Vlll.
1151 2055 1184 2078 De
1197 2054 1333 2078 duodecim
1345 2052 1471 2076 fructibus
1485 2051 1598 2083 sp1ritus.
1611 2052 1673 2082 Cap.
1691 2054 1713 2077 1.

1041 2086 1076 2109 ΒΘ
1092 2086 1187 2117 gaudio
1204 2085 1336 2115 spirituali.

1009 2117 1071 2147 Cap.
1084 2119 1107 2140 2.
1126 2118 1162 2141 De
1177 2116 1381 2147 longanimitate.

1009 2149 1072 2179 Cap.
1088 2151 1111 2172 22¹.
1129 2150 1166 2173 De
1182 2148 1349 2179 benignitate.

1009 2180 1070 2210 Cap.
1092 2181 1114 2203 4.
1130 2181 1165 2204 De
1181 2179 1388 2203 mansuetudine.
1405 2191 1435 2195 —
1450 2178 1511 2208 Cap.
1529 2179 1552 2201 5.
1570 2178 1606 2201 ΒΘ
1623 2177 1680 2201 tide.

1008 2211 1070 2241 Cap.
1090 2212 1112 2234 6.
1133 2212 1169 2235 De
1184 2211 1320 2235 modestia.
1332 2210 1435 2240 —Cap⁷
1452 2211 1475 2233 7.
1494 2210 1529 2233 ΒΘ
1547 2208 1713 2233 continentia.

1040 2256 1068 2259 —
1082 2243 1144 2274 Cap.
1160 2246 1182 2266 8.
1196 2243 1232 2266 De
1248 2242 1374 2266 castitate.

1007 2274 1055 2298 Tit.
1075 2275 1116 2298 lx.
1137 2275 1173 2298 De
1194 2273 1306 2303 generali
1320 2272 1428 2304 judicio
1448 2272 1530 2302 Caput
1544 2271 1658 2295 unicum.
1677 2271 1714 2295 ΒΘ

1038 2305 1086 2332 his,
1101 2312 1157 2337 quae
1169 2304 1227 2329 ante
1237 2305 1332 2340 ipsum,
1349 2307 1373 2328 et
1386 2304 1411 2327 in
1424 2304 1479 2334 ipso
1489 2303 1584 2334 jndicio
1595 2305 1713 2331 agentur.
1747 2304 1759 2312 ‘¹

1007 2337 1053 2361 Tit.
1068 2338 1098 2361 X.
1120 2338 1156 2361 ΒΘ
1171 2344 1256 2368 poenis
1274 2336 1376 2365 mterni,
1391 2337 1467 2366 atque
1490 2334 1572 2365 gloria
1590 2334 1712 2365 paradisi.

1040 2369 1103 2399 Cap.
1125 2371 1147 2392 1.
1164 2370 1199 2392 ΒΘ
1216 2368 1299 2398 poenis
1312 2367 1416 2391 inserui.

1008 2399 1070 2428 Cap.
1087 2401 1111 2423 2.
1129 2401 1164 2423 ΒΘ
1180 2399 1260 2430 gloria
1276 2398 1395 2429 paradisi.

1007 2431 1069 2461 Cap.
1089 2433 1112 2454 3.
1131 2432 1165 2455 De
1182 2431 1318 2455 duodecim
1334 2429 1460 2454 fructibus
1474 2428 1565 2459 crucis,
1581 2429 1606 2452 et
1619 2427 1714 2459 passio-

1039 2463 1079 2486 nis
1095 2463 1190 2486 Christi
1206 2462 1319 2486 Domini.

1008 2494 1069 2524 Cap.
1083 2495 1095 2517 4
1119 2495 1153 2517 De
1165 2493 1301 2517 duodecim
1318 2492 1441 2516 fructibus
1454 2491 1542 2522 gloriae
1553 2489 1713 2514 immortalis.

1038 2538 1067 2541 —-
1076 2526 1137 2556 Cap.
1147 2527 1170 2548 5.
1179 2524 1368 2548 Deainoenitatc
1377 2526 1399 2547 et
1407 2523 1579 2553 pulcherrima
1587 2524 1714 2545 structura

1038 2563 1158 2587 superum
1171 2556 1280 2580 civitatis
1293 2556 1462 2579 Hierusalem.

1007 2588 1068 2617 Cap.
1087 2589 1108 2611 6.
1136 2589 1171 2611 ΒΘ
1191 2587 1377 2618 jucundissima
1397 2586 1519 2609 societate
1532 2602 1539 2615 ,
1555 2586 1580 2608 et
1604 2584 1712 2615 tripudio

1038 2619 1150 2643 coelestis
1164 2619 1273 2642 civitatis
1292 2618 1462 2641 Hierusalem.

1007 2651 1144 2674 Appssnoix
1167 2656 1258 2675 niffirxa
1281 2655 1407 2676 saturis,
1434 2655 1491 2679 quie
1516 2647 1713 2678 applicationem

1037 2682 1203 2706 materiarum
1227 2681 1307 2711 ipsius
1324 2681 1411 2704 Diaetae
1440 2679 1556 2703 continet
1582 2679 1613 2702 ad
1639 2686 1713 2703 usum

1041 2713 1260 2737 Concionatorum
1275 2712 1300 2735 in
1317 2711 1406 2735 dicbus
1422 2710 1558 2737 dominicis
1571 2711 1596 2734 et
1613 2710 1713 2734 festivi-

1039 2744 1130 2769 tatibus
1146 2752 1192 2776 per
1208 2750 1314 2768 annum.

1747 2743 1790 2766 317
