2004 3037
782 234 785 237 ’
820 239 907 274 CAP.
930 240 1083 277 XX·XX1.

146 311 296 350 leguntur.
318 322 332 340 n
356 313 444 349 Item,
464 319 536 341 xvx:
559 321 574 340 α
594 311 644 341 Die
663 310 858 341 sabbatorum
881 310 928 344 lo!

146 359 315 398 quebamur
329 359 515 396 mulieribus,
525 367 594 397 quae
609 359 820 390 convenerunt.
836 367 850 386 n

410 476 554 512 CAPUT
577 476 652 511 XX.

290 565 328 593 De
343 565 494 593 reverentia
508 564 607 599 templo
624 563 782 592 exhibenda.

182 657 197 674 α
209 647 335 676 Locutus
356 648 399 676 est
416 647 558 676 Dominus
580 646 620 675 ad
639 647 780 683 Moysen,
799 645 901 675 dicens
916 655 924 674 z

144 694 245 724 Facies
257 694 374 724 labium
386 702 503 723 aeneum
513 694 552 723 ad
567 694 744 731 lavandum,
759 696 786 723 et
796 694 886 722 missa
895 693 926 722 in

144 749 182 771 eo
194 749 273 779 aqua
287 741 432 771 lavabunt
442 743 541 771 Aaron
552 744 580 770 et
590 742 644 770 filii
659 742 721 778 ejus
736 750 843 770 manus
857 749 926 770 suas

143 788 176 817 in
188 797 240 825 eo,
255 790 284 817 et
296 789 401 826 pedes,
419 790 542 826 quando
562 789 722 826 ingressuri
741 791 808 818 sunt
827 789 925 818 taber-

142 837 285 866 naculum
300 837 471 866 testimonii.
487 847 501 865 n
519 838 626 873 Emod„
642 846 712 865 xxx.

179 884 370 920 Nonlicebat,
380 884 437 913 nisi
444 885 558 921 paucis,
568 884 677 913 intrare
686 884 925 920 tabernaculum,

143 938 198 960 nec
212 939 285 960 vasa
296 932 359 967 ejus
373 933 505 968 tangere,
522 932 597 960 sicut
614 934 748 969 apparet,
767 933 849 961 Num.
862 953 871 967 ,
887 940 924 961 lv.

180 979 351 1015 Diligentior
372 981 399 1007 et
412 980 572 1008 ferventior
588 979 643 1007 fuit
656 980 797 1008 Salomon
812 980 842 1007 in
857 980 927 1008 aedi-

143 1025 281 1054 ficatione
295 1026 397 1062 templi
413 1026 480 1063 Dei,
500 1035 591 1063 quam
610 1027 640 1054 in
661 1027 857 1055 aedificatione
873 1027 927 1055 do-

143 1081 211 1101 mus
224 1073 370 1110 propriae:
383 1082 454 1102 nam
470 1073 595 1102 domum
611 1074 662 1102 Dei
677 1074 839 1111 complevit
861 1082 927 1111 sep-

143 1121 203 1148 tem
217 1121 316 1156 annis3
331 1120 457 1149 domum
476 1129 549 1149 vero
571 1129 656 1149 suam
669 1121 813 1149 tredecim
829 1122 924 1150 annis.

141 1168 213 1195 Item
229 1167 313 1196 citius
325 1168 414 1204 eoepit
427 1167 574 1196 oedificare
587 1168 751 1205 templum,
767 1177 859 1205 quam
874 1169 929 1198 do-

142 1222 227 1244 mum
240 1224 334 1244 suam.
351 1217 385 1244 111
405 1216 482 1251 Req„
498 1223 530 1244 vl
544 1217 571 1243 et
584 1223 636 1244 vn.

177 1264 315 1299 Magnam
326 1263 544 1292 solemnitatem
562 1263 631 1292 fecit
650 1263 792 1293 Salomon
807 1264 926 1294 dedica-

141 1308 229 1338 tionis
244 1310 357 1347 templi.
372 1311 407 1339 111
421 1312 499 1346 Req„
509 1318 572 1339 vin.

123 1362 126 1366 ·
176 1357 316 1394 Praecepit
340 1357 444 1386 Joiada
465 1357 618 1394 pontifex,
632 1359 665 1387 ut
683 1358 797 1388 Athalia
816 1359 924 1388 educe-

141 1406 221 1433 retur
249 1407 331 1434 extra
354 1405 518 1442 templum,
545 1408 574 1435 et
596 1414 658 1435 non
685 1407 870 1436 occideretur
893 1407 924 1435 in

141 1453 253 1490 templo
264 1453 390 1482 Domini.
408 1455 442 1482 lv
456 1455 535 1489 Βερυ
551 1462 591 1483 xi.

176 1501 313 1536 Magnam
328 1509 431 1529 curam
440 1501 598 1530 videbatur
607 1501 719 1530 habere
733 1502 875 1531 Dominus
886 1503 924 1532 de

140 1547 270 1584 templo,
295 1548 348 1584 qui
362 1548 501 1584 praecepit
524 1549 618 1585 Cyro,
637 1551 670 1577 ut
689 1549 850 1578 aedificaret
868 1550 924 1579 sibi

141 1593 267 1623 domum
291 1595 322 1623 in
344 1595 522 1631 Jerusalem;
551 1595 723 1632 intelligitur
749 1597 785 1624 de
811 1597 923 1634 templo

140 1641 301 1677 materiali,
317 1642 391 1670 sicut
405 1644 485 1678 patet
498 1643 529 1670 in
541 1644 636 1678 textu,
650 1644 660 1671 I
674 1644 774 1680 Esdr„
789 1652 810 1673 1.
821 1646 854 1673 Et
866 1645 924 1673 hoc

139 1688 240 1725 ipsum
248 1689 425 1725 praedixerat
433 1690 520 1719 isaias
529 1692 607 1726 ante,
620 1691 705 1727 quasi
715 1699 768 1728 per
780 1692 923 1722 ducentos

140 1743 244 1764 annos
261 1737 327 1771 Iso„
341 1744 410 1765 XLV.

175 1783 296 1812 Reversi
311 1783 348 1811 de
369 1783 553 1820 babylonica
574 1784 740 1821 captivitate
755 1785 847 1814 Judaei
862 1787 923 1823 pri·-

139 1838 190 1860 mo
217 1832 370 1867 coeperunt
397 1831 545 1859 aedificare
562 1832 725 1868 templum,
744 1842 836 1870 quam
855 1842 922 1862 mu-

138 1885 189 1906 ros
203 1877 327 1906 civitatis
346 1877 543 1914 Hierusalem,
563 1879 631 1907 licet
649 1880 764 1909 vicinos
777 1881 923 1910 haberent

139 1924 293 1960 inimicos,
318 1925 356 1954 de
381 1925 491 1962 quibus
513 1925 561 1954 die
584 1928 736 1964 noctuque
765 1928 919 1959 timebant.

139 1970 151 1999 1
166 1971 261 2008 Esdr„
277 1980 318 2000 111.

176 2018 407 2048 Commendatur
430 2019 547 2056 Tobias,
573 2021 717 2056 quoniam
736 2022 766 2050 in
786 2022 921 2052 Hierusa-

140 2066 200 2096 lem
215 2067 255 2095 ad
274 2067 419 2103 templum
440 2067 557 2095 Domini
575 2068 730 2104 veniebat,
746 2071 774 2098 et
791 2070 834 2098 ibi
849 2070 922 2100 ado-

139 2114 226 2143 rabat
239 2114 407 2142 Dominum.
427 2114 508 2150 Tob.,
524 2122 544 2143 1.

176 2161 301 2191 Obtenta
315 2161 441 2190 victoria
458 2161 496 2189 de
510 2161 651 2197 inimicis,
672 2163 723 2200 qui
739 2165 922 2195 contamina-

139 2211 244 2238 verant
264 2209 424 2245 templum,
450 2209 523 2237 dixit
548 2209 637 2237 Judas
658 2210 694 2238 ad
717 2210 820 2240 fratres
840 2213 903 2248 ejus
911 2234 921 2249 ‚

140 2258 302 2293 antequam
322 2256 359 2285 de
379 2256 520 2285 domibus
537 2258 666 2294 propriis
692 2258 825 2295 aliquam
844 2260 921 2289 face-

138 2306 204 2332 rent
220 2305 404 2333 mentionem
425 2313 432 2333 :
457 2314 472 2332 «
492 2307 564 2334 Ecce
582 2306 698 2335 contriti
719 2309 786 2336 sunt
809 2307 922 2336 inimici

139 2351 245 2386 nostri;
268 2352 466 2380 ascendamus
488 2361 569 2381 nunc
593 2354 740 2383 mundare
763 2358 863 2385 sancta
893 2359 920 2386 et

139 2405 293 2428 renovare.
307 2410 320 2426 »
340 2401 350 2428 l
365 2400 468 2434 Mach.,
483 2408 523 2428 iv.

175 2447 237 2475 Rex
259 2448 421 2476 Demetrius
443 2449 556 2484 statuit,
579 2451 612 2478 ut
638 2451 821 2489 quicumque
850 2461 920 2483 con—

138 2492 268 2529 fugerint
281 2495 312 2523 in
326 2496 490 2532 templum,
511 2497 594 2533 quod
611 2500 653 2526 est
670 2499 879 2537 Hierosolymis
895 2505 922 2531 et

138 2540 170 2568 in
184 2541 324 2569 omnibus
339 2543 449 2572 finibus
465 2544 545 2580 ejus,
562 2544 685 2574 obnoxii
698 2547 777 2583 regi,
793 2547 823 2576 in
839 2549 921 2577 omni

138 2588 258 2624 negotio
273 2588 465 2619 dimittantur.
481 2592 491 2619 1
506 2592 607 2627 Maeli„
623 2599 653 2621 x.

173 2635 318 2664 Euntibus
338 2637 445 2666 Judaeis
459 2638 499 2667 ad
518 2638 633 2667 bellum
652 2642 754 2670 contra
768 2642 921 2672 Nicanoris

139 2683 300 2711 exercitum
315 2685 377 2712 erat
390 2693 446 2721 pro
467 2687 612 2716 uxoribus
630 2689 658 2717 et
672 2689 759 2726 filiis,
776 2691 846 2720 item
864 2700 920 2728 pro

138 2728 278 2760 fratribus
297 2733 324 2759 et
345 2733 478 2768 cognatis
499 2734 597 2763 minor
618 2736 918 2773 sollicitudo,maxi-

279 2789 355 2813 ToM.
381 2790 448 2814 vm.

1702 255 1762 286 513

981 319 1049 341 mus
1068 319 1140 342 vero
1161 314 1189 342 et
1210 314 1325 351 primus
1345 323 1402 354 pro
1419 318 1570 349 sanctitate
1591 320 1681 351 timor
1699 325 1762 352 erat

980 358 1094 396 templi.
1109 360 1131 389 11
1146 361 1248 398 Maeli.2
1262 370 1312 392 xv.

1017 406 1252 444 Quadragesimo
1263 411 1311 440 die
1320 411 1416 441 voluit
1427 413 1607 444 Dominusin
1615 416 1762 453 templum

981 453 1100 483 deferri.
1113 456 1190 493 Luc„
1203 464 1235 487 ιι.

1017 503 1088 532 Item
1107 503 1270 534 duodecim
1283 513 1432 536 annorum
1445 507 1550 546 factus,
1564 510 1718 548 disputans
1731 512 1762 542 in

981 550 1094 587 templo
1108 550 1163 580 fuit
1177 553 1324 583 inventus.
1339 556 1418 591 Luc„
1433 564 1462 585 11.

1017 598 1122 628 Postea
1142 599 1180 628 de
1198 601 1311 638 templo
1328 602 1491 632 vendentes
1506 605 1534 633 et
1548 607 1678 635 ementes
1690 606 1762 644 plu-

981 644 1039 674 ries
1055 645 1149 681 eJecit.
1165 647 1261 684 Matt„
1276 656 1341 685 xx13
1357 650 1434 686 Luc„
1449 658 1513 687 x1x3
1528 653 1620 689 Joan.‚
1636 661 1667 682 11.

1018 693 1090 721 Item
1104 693 1258 731 intemplo
1273 695 1444 732 frequenter
1454 697 1567 734 docuit,
1577 701 1606 728 et
1618 700 1764 731 miracula

981 739 1069 776 plura
1090 740 1167 770 fecit.
1187 742 1286 777 Matt„
1306 751 1370 780 xx1;
1397 745 1484 774 Marc.
1491 766 1502 781 ,
1522 754 1568 783 xr3
1594 748 1677 785 Luc,
1705 757 1761 784 xx3

981 787 1073 823 Joan„
1087 795 1139 817 vu.

1017 835 1121 871 Arguit
1150 837 1294 866 Dominus
1316 838 1494 877 Pharisaeos,
1523 842 1594 878 quia
1624 842 1765 873 dicebant

982 890 1090 911 aurum
1102 883 1206 920 templi
1222 886 1352 914 sanctius
1365 888 1488 924 templo.
1500 889 1598 926 Matt„
1612 898 1697 920 xxm.

1017 931 1145 967 Recepto
1173 931 1282 968 Spiritu
1306 936 1408 963 sancto
1418 955 1427 970 ,
1454 937 1555 964 Petrus
1580 938 1609 965 et
1637 939 1765 967 Joannes

982 978 1184 1007 ascendebant
1206 979 1237 1007 in
1261 981 1407 1017 templum
1432 983 1471 1012 ad
1493 983 1601 1013 horam
1622 985 1765 1014 orationis

981 1032 1111 1061 nonam3
1128 1028 1157 1054 et
1176 1028 1246 1055 tune
1266 1027 1378 1057 factum
1394 1031 1436 1058 est
1450 1030 1582 1067 primum
1603 1032 1764 1061 sanationis

981 1072 1182 1109 miraculum,
1206 1075 1290 1111 quod
1317 1076 1429 1105 factum
1456 1077 1543 1107 fuerit
1567 1081 1634 1115 post
1661 1088 1764 1109 ascen·

981 1119 1097 1149 sionem
1111 1121 1239 1150 Domini:
1255 1123 1331 1158 Act„
1348 1132 1390 1153 ur.

1016 1169 1146 1204 Angelus
1169 1170 1286 1199 Domini
1307 1179 1362 1208 per
1382 1173 1502 1202 noctem
1523 1175 1639 1211 aperuit
1660 1175 1765 1212 januas

982 1216 1123 1253 carceris,
1139 1219 1167 1246 et
1182 1218 1313 1247 educens
1333 1221 1504 1257 apostolos,
1520 1222 1594 1251 dixit
1609 1231 1617 1251 ι
1639 1232 1654 1250 «
1668 1224 1724 1258 Ite,
1737 1228 1766 1252 et

981 1264 1089 1292 stantes
1103 1264 1263 1301 loquimini
1277 1265 1309 1294 in
1326 1267 1439 1304 templo
1458 1268 1542 1305 plebi
1557 1269 1659 1299 omnia
1672 1270 1765 1300 verba

980 1310 1047 1339 vitae
1061 1311 1187 1348 hujus.»
1206 1313 1283 1349 Act„
1299 1321 1329 1342 v.

1017 1360 1249 1389 commendatur
1272 1362 1427 1391 eunuchus
1450 1362 1500 1392 ille
1526 1364 1638 1401 reginae
1657 1365 1764 1396 ,Ethio-

979 1414 1065 1443 pum,
1081 1407 1152 1444 quia
1165 1408 1203 1436 de
1217 1408 1365 1446 AEthiopia
1378 1410 1460 1439 venit
1473 1411 1601 1447 adorare
1615 1413 1647 1441 in
1662 1414 1764 1442 Hieru-

980 1454 1085 1490 salem,
1098 1456 1174 1490 Act„
1185 1463 1250 1492 vm5
1263 1457 1317 1485 sed
1330 1465 1402 1486 vero
1413 1458 1497 1495 quod
1512 1459 1601 1488 etiam
1615 1460 1722 1489 sedens
1732 1461 1764 1489 in

980 1509 1070 1530 curru
1083 1502 1203 1539 legebat
1214 1504 1320 1532 Isaiam
1328 1505 1526 1542 prophetam:
1543 1507 1627 1544 quod
1642 1509 1684 1536 est
1694 1516 1764 1537 con-

979 1550 1025 1577 tra
1052 1550 1173 1586 multos,
1198 1551 1251 1587 qui
1275 1554 1378 1580 euntes
1405 1553 1445 1581 ad
1468 1553 1536 1583 loca
1560 1556 1672 1591 sancta,
1700 1563 1763 1584 non

979 1595 1082 1632 legunt
1095 1597 1143 1626 vel
1158 1598 1289 1627 referunt
1303 1607 1387 1628 sacra
1401 1599 1592 1637 documenta,
1612 1602 1666 1631 sed
1680 1602 1760 1631 mul—

979 1644 1113 1680 tiplicant
1127 1653 1206 1675 vana
1220 1646 1323 1675 verba.
1339 1647 1416 1680 Act„
1432 1655 1494 1677 vm.

1015 1691 1156 1726 Quamvis
1181 1692 1274 1721 Judaei
1295 1694 1380 1730 gravi
1395 1695 1467 1723 odio
1491 1698 1520 1724 et
1540 1696 1641 1726 furore
1659 1705 1760 1734 perse·

979 1741 1140 1775 querentur
1154 1740 1296 1776 Paulum,
1313 1743 1413 1770 tamen
1426 1743 1458 1770 in
1472 1744 1584 1780 templo
1599 1745 1759 1774 noluerunt

979 1787 1116 1815 occidere
1140 1796 1224 1824 eum;
1247 1789 1300 1817 sed
1325 1791 1474 1819 traxerunt
1493 1799 1562 1820 eum
1581 1794 1664 1822 extra
1686 1795 1760 1822 tem-

977 1833 1074 1870 plum,
1089 1836 1122 1863 ut
1135 1834 1208 1863 foris
1222 1836 1392 1866 occiderent
1405 1846 1484 1867 eum.
1499 1838 1577 1873 Act„
1592 1847 1652 1869 xxx.

1242 1931 1386 1966 CAPUT
1409 1932 1500 1967 XXI.

1154 2004 1193 2031 De
1211 2003 1370 2032 adoratione
1388 2007 1414 2032 et
1433 2007 1508 2034 cultu
1527 2007 1587 2035 Dei.

1016 2072 1166 2100 «Factum
1187 2074 1244 2107 est,
1266 2074 1297 2100 ut
1318 2073 1436 2102 offerret
1459 2075 1540 2103 Caim
1564 2075 1601 2104 de
1616 2076 1759 2107 fructibus

978 2120 1062 2148 terroe
1076 2127 1202 2148 munera
1216 2121 1354 2149 Domino.
1371 2122 1444 2151 Abel
1459 2131 1582 2161 quoque
1597 2126 1705 2155 obtulit
1722 2128 1759 2157 de

978 2166 1184 2203 primogenitis
1198 2168 1297 2203 gregis
1312 2169 1368 2205 sui,
1385 2171 1413 2198 et
1428 2170 1466 2199 de
1480 2171 1620 2208 adipibus
1640 2182 1756 2205 eorum.

978 2215 1010 2242 Et
1025 2214 1153 2251 respexit
1176 2215 1317 2243 Dominus
1345 2216 1384 2244 ad
1409 2217 1499 2254 Abel,
1522 2221 1550 2247 et
1571 2220 1611 2248 ad
1633 2230 1758 2251 munera

979 2261 1057 2297 ejus3
1074 2261 1114 2290 ad
1135 2261 1218 2290 Caim
1239 2264 1351 2299 autem,
1365 2266 1392 2293 et
1412 2265 1452 2293 ad
1475 2274 1601 2297 munera
1616 2269 1680 2304 ejus
1701 2278 1759 2298 non

978 2308 1142 2344 respexit.»
1156 2309 1234 2343 Gen„
1251 2317 1291 2337 iv.

1014 2358 1091 2385 Enos
1105 2356 1185 2384 filius
1199 2357 1267 2385 Seth
1285 2367 1298 2384 α
1320 2359 1409 2395 coepit
1424 2359 1563 2389 invocare
1579 2370 1690 2392 nomen
1706 2365 1759 2393 Do-

979 2404 1062 2439 mini,
1076 2414 1090 2430 »
1109 2404 1183 2438 Gen„
1201 2413 1240 2433 ιν.
1260 2405 1426 2434 AEdificavit
1440 2408 1500 2436 Noe
1516 2409 1606 2438 altare
1622 2412 1759 2447 Domino,

980 2454 1008 2480 et
1027 2452 1135 2480 tollens
1162 2453 1199 2480 de
1221 2453 1332 2481 cunctis
1355 2455 1515 2490 pecoribus
1539 2459 1567 2485 et
1586 2458 1759 2488 volucribus

979 2499 1110 2534 mundis,
1126 2500 1234 2528 obtulit
1247 2500 1465 2530 holocaustum.
1488 2503 1633 2533 Odoratus
1648 2507 1689 2535 est
1704 2507 1760 2535 Do-

979 2547 1076 2575 minus
1091 2547 1218 2576 odorem
1233 2547 1394 2576 suavitatis.
1410 2559 1424 2576 >³
1442 2550 1518 2584 Gen„
1534 2559 1595 2579 vm.

1017 2604 1031 2622 t(
1045 2594 1189 2631 Apparuit
1203 2595 1345 2624 Dominus
1364 2596 1513 2626 Abraham
1535 2598 1567 2626 in
1591 2601 1667 2628 terra
1687 2601 1759 2630 Cha-

978 2650 1068 2676 naan,
1083 2644 1110 2670 et
1125 2642 1199 2670 dixit
1209 2641 1236 2670 ei
1248 2651 1255 2670 :
1266 2642 1376 2671 Semini
1390 2645 1442 2672 tuo
1453 2644 1533 2674 daho
1545 2647 1654 2675 terram
1669 2648 1756 2678 hanc.

980 2689 1035 2724 Qui
1049 2689 1206 2718 aedificavit
1227 2689 1269 2718 ibi
1292 2690 1383 2720 altare
1398 2692 1534 2729 Domino,
1552 2694 1604 2730 qui
1619 2697 1758 2732 apparuit

980 2738 1017 2766 ei.
1033 2748 1048 2766 n
1065 2737 1143 2772 Gen„
1158 2745 1207 2766 ΧΠ,

1580 2795 1618 2825 33
