<?xml version="1.0" encoding="UTF-8"?>
<!DOCTYPE html PUBLIC "-//W3C//DTD XHTML 1.0 Transitional//EN"
    "http://www.w3.org/TR/xhtml1/DTD/xhtml1-transitional.dtd">
<html xmlns="http://www.w3.org/1999/xhtml" xml:lang="en" lang="en">
 <head>
  <title>
</title>
<meta http-equiv="Content-Type" content="text/html;charset=utf-8" />
  <meta name='ocr-system' content='tesseract 3.04.00' />
  <meta name='ocr-capabilities' content='ocr_page ocr_carea ocr_par ocr_line ocrx_word'/>
</head>
<body>
  <div class='ocr_page' id='page_1' title='image "./operaomniasixtiv08bonauoft/operaomniasixtiv08bonauoft_0342.png"; bbox 0 0 2004 3037; ppageno 0'>
   <div class='ocr_carea' id='block_1_1' title="bbox 86 692 194 905">
    <p class='ocr_par' dir='ltr' id='par_1_1' title="bbox 95 692 194 878">
     <span class='ocr_line' id='line_1_1' title="bbox 113 692 194 718; baseline -0.012 -6"><span class='ocrx_word' id='word_1_1' title='bbox 113 692 194 718; x_wconf 73' lang='lat' dir='ltr'>Opera-</span> 
     </span>
     <span class='ocr_line' id='line_1_2' title="bbox 100 723 179 749; baseline 0 -5"><span class='ocrx_word' id='word_1_2' title='bbox 100 723 179 749; x_wconf 77' lang='lat' dir='ltr'>tiones,</span> 
     </span>
     <span class='ocr_line' id='line_1_3' title="bbox 98 754 180 782; baseline -0.012 -7"><span class='ocrx_word' id='word_1_3' title='bbox 98 754 180 782; x_wconf 78' lang='lat' dir='ltr'>quibus</span> 
     </span>
     <span class='ocr_line' id='line_1_4' title="bbox 99 786 184 808; baseline -0.024 0"><span class='ocrx_word' id='word_1_4' title='bbox 99 786 184 808; x_wconf 75' lang='lat' dir='ltr'>miseri-</span> 
     </span>
     <span class='ocr_line' id='line_1_5' title="bbox 105 817 180 839; baseline -0.013 0"><span class='ocrx_word' id='word_1_5' title='bbox 105 817 180 839; x_wconf 76' lang='lat' dir='ltr'>cordia</span> 
     </span>
     <span class='ocr_line' id='line_1_6' title="bbox 95 856 188 878; baseline -0.011 -7"><span class='ocrx_word' id='word_1_6' title='bbox 95 856 188 878; x_wconf 72' lang='lat' dir='ltr'>occupa-</span> 
     </span>
    </p>

    <p class='ocr_par' dir='ltr' id='par_1_2' title="bbox 86 885 130 905">
     <span class='ocr_line' id='line_1_7' title="bbox 86 885 130 905; baseline -0.023 0"><span class='ocrx_word' id='word_1_7' title='bbox 86 885 130 905; x_wconf 81' lang='lat' dir='ltr'>tur.</span> 
     </span>
    </p>
   </div>
   <div class='ocr_carea' id='block_1_2' title="bbox 109 2068 215 2214">
    <p class='ocr_par' dir='ltr' id='par_1_3' title="bbox 109 2068 215 2183">
     <span class='ocr_line' id='line_1_8' title="bbox 119 2068 211 2090; baseline -0.022 0"><span class='ocrx_word' id='word_1_8' title='bbox 119 2069 172 2090; x_wconf 69' lang='lat' dir='ltr'>Tria</span> <span class='ocrx_word' id='word_1_9' title='bbox 182 2068 211 2088; x_wconf 79' lang='lat' dir='ltr'>ta-</span> 
     </span>
     <span class='ocr_line' id='line_1_9' title="bbox 131 2100 191 2120; baseline -0.017 0"><span class='ocrx_word' id='word_1_10' title='bbox 131 2100 191 2120; x_wconf 73' lang='lat' dir='ltr'>ciunt</span> 
     </span>
     <span class='ocr_line' id='line_1_10' title="bbox 116 2130 206 2152; baseline -0.022 0"><span class='ocrx_word' id='word_1_11' title='bbox 116 2130 206 2152; x_wconf 90' lang='lat' dir='ltr'>mundi-</span> 
     </span>
     <span class='ocr_line' id='line_1_11' title="bbox 109 2163 215 2183; baseline -0.019 0"><span class='ocrx_word' id='word_1_12' title='bbox 109 2163 161 2183; x_wconf 76' lang='lat' dir='ltr'>unm</span> <span class='ocrx_word' id='word_1_13' title='bbox 169 2168 215 2182; x_wconf 87' lang='lat' dir='ltr'>cor-</span> 
     </span>
    </p>

    <p class='ocr_par' dir='ltr' id='par_1_4' title="bbox 109 2194 151 2214">
     <span class='ocr_line' id='line_1_12' title="bbox 109 2194 151 2214; baseline -0.024 0"><span class='ocrx_word' id='word_1_14' title='bbox 109 2194 151 2214; x_wconf 77' lang='lat' dir='ltr'>dis.</span> 
     </span>
    </p>
   </div>
   <div class='ocr_carea' id='block_1_3' title="bbox 209 279 269 310">
    <p class='ocr_par' dir='ltr' id='par_1_5' title="bbox 209 279 269 310">
     <span class='ocr_line' id='line_1_13' title="bbox 209 279 269 310; baseline 0 0"><span class='ocrx_word' id='word_1_15' title='bbox 209 279 269 310; x_wconf 75' lang='lat'>322</span> 
     </span>
    </p>
   </div>
   <div class='ocr_carea' id='block_1_4' title="bbox 206 339 1000 1795">
    <p class='ocr_par' dir='ltr' id='par_1_6' title="bbox 206 339 1000 1795">
     <span class='ocr_line' id='line_1_14' title="bbox 209 339 990 376; baseline -0.01 -2"><span class='ocrx_word' id='word_1_16' title='bbox 209 344 317 374; x_wconf 85' lang='lat' dir='ltr'>dieitur</span> <span class='ocrx_word' id='word_1_17' title='bbox 330 342 362 371; x_wconf 88' lang='lat' dir='ltr'>in</span> <span class='ocrx_word' id='word_1_18' title='bbox 374 341 564 370; x_wconf 76' lang='lat' dir='ltr'><strong><em>Ecclesiastico</em></strong></span> <span class='ocrx_word' id='word_1_19' title='bbox 577 343 585 362; x_wconf 88' lang='lat'>¹</span> <span class='ocrx_word' id='word_1_20' title='bbox 596 347 604 368; x_wconf 90' lang='lat'>:</span> <span class='ocrx_word' id='word_1_21' title='bbox 620 339 664 367; x_wconf 70' lang='lat' dir='ltr'>Em</span> <span class='ocrx_word' id='word_1_22' title='bbox 677 340 702 367; x_wconf 79' lang='lat' dir='ltr'>te</span> <span class='ocrx_word' id='word_1_23' title='bbox 715 340 774 376; x_wconf 65' lang='lat' dir='ltr'>ipso</span> <span class='ocrx_word' id='word_1_24' title='bbox 787 340 918 374; x_wconf 69' lang='lat' dir='ltr'>intelliqe,</span> <span class='ocrx_word' id='word_1_25' title='bbox 931 346 990 375; x_wconf 81' lang='lat' dir='ltr'>quoe</span> 
     </span>
     <span class='ocr_line' id='line_1_15' title="bbox 207 386 990 427; baseline -0.008 -7"><span class='ocrx_word' id='word_1_26' title='bbox 207 394 271 420; x_wconf 79' lang='lat' dir='ltr'>sunt</span> <span class='ocrx_word' id='word_1_27' title='bbox 289 390 412 427; x_wconf 70' lang='lat' dir='ltr'>proximi</span> <span class='ocrx_word' id='word_1_28' title='bbox 435 389 485 417; x_wconf 82' lang='lat' dir='ltr'>tui.</span> <span class='ocrx_word' id='word_1_29' title='bbox 505 387 634 416; x_wconf 82' lang='lat' dir='ltr'>Tertium</span> <span class='ocrx_word' id='word_1_30' title='bbox 647 386 793 415; x_wconf 89' lang='lat' dir='ltr'>motivum</span> <span class='ocrx_word' id='word_1_31' title='bbox 811 386 928 424; x_wconf 85' lang='lat' dir='ltr'>pietatis</span> <span class='ocrx_word' id='word_1_32' title='bbox 947 387 990 414; x_wconf 87' lang='lat' dir='ltr'>est</span> 
     </span>
     <span class='ocr_line' id='line_1_16' title="bbox 207 434 991 470; baseline -0.009 -2"><span class='ocrx_word' id='word_1_33' title='bbox 207 438 313 468; x_wconf 79' lang='lat' dir='ltr'>Christi</span> <span class='ocrx_word' id='word_1_34' title='bbox 338 438 368 466; x_wconf 90' lang='lat' dir='ltr'>et</span> <span class='ocrx_word' id='word_1_35' title='bbox 391 435 597 465; x_wconf 88' lang='lat' dir='ltr'>membrorum</span> <span class='ocrx_word' id='word_1_36' title='bbox 622 442 762 470; x_wconf 91' lang='lat' dir='ltr'>suorum,</span> <span class='ocrx_word' id='word_1_37' title='bbox 785 434 896 462; x_wconf 86' lang='lat' dir='ltr'>scilicet</span> <span class='ocrx_word' id='word_1_38' title='bbox 916 441 991 470; x_wconf 84' lang='lat' dir='ltr'>pau-</span> 
     </span>
     <span class='ocr_line' id='line_1_17' title="bbox 206 480 991 524; baseline -0.009 -9"><span class='ocrx_word' id='word_1_39' title='bbox 206 494 324 524; x_wconf 87' lang='lat' dir='ltr'>perum,</span> <span class='ocrx_word' id='word_1_40' title='bbox 339 491 425 513; x_wconf 83' lang='lat' dir='ltr'>amor</span> <span class='ocrx_word' id='word_1_41' title='bbox 441 485 470 512; x_wconf 90' lang='lat' dir='ltr'>et</span> <span class='ocrx_word' id='word_1_42' title='bbox 485 482 584 512; x_wconf 87' lang='lat' dir='ltr'>unitas</span> <span class='ocrx_word' id='word_1_43' title='bbox 598 491 605 510; x_wconf 89' lang='lat'>:</span> <span class='ocrx_word' id='word_1_44' title='bbox 622 482 698 510; x_wconf 87' lang='lat' dir='ltr'>adeo</span> <span class='ocrx_word' id='word_1_45' title='bbox 713 489 844 518; x_wconf 86' lang='lat' dir='ltr'>namque</span> <span class='ocrx_word' id='word_1_46' title='bbox 860 480 991 510; x_wconf 88' lang='lat' dir='ltr'>Christus</span> 
     </span>
     <span class='ocr_line' id='line_1_18' title="bbox 208 526 990 566; baseline -0.008 -5"><span class='ocrx_word' id='word_1_47' title='bbox 208 532 335 562; x_wconf 86' lang='lat' dir='ltr'>afficitur</span> <span class='ocrx_word' id='word_1_48' title='bbox 350 531 390 560; x_wconf 85' lang='lat' dir='ltr'>ad</span> <span class='ocrx_word' id='word_1_49' title='bbox 399 537 535 559; x_wconf 85' lang='lat' dir='ltr'>amorem</span> <span class='ocrx_word' id='word_1_50' title='bbox 548 536 728 566; x_wconf 85' lang='lat' dir='ltr'>pauperum,</span> <span class='ocrx_word' id='word_1_51' title='bbox 739 528 824 565; x_wconf 90' lang='lat' dir='ltr'>quod</span> <span class='ocrx_word' id='word_1_52' title='bbox 839 526 990 564; x_wconf 86' lang='lat' dir='ltr'>quidquid</span> 
     </span>
     <span class='ocr_line' id='line_1_19' title="bbox 207 574 989 616; baseline -0.009 -7"><span class='ocrx_word' id='word_1_53' title='bbox 207 580 241 609; x_wconf 84' lang='lat' dir='ltr'>fit</span> <span class='ocrx_word' id='word_1_54' title='bbox 253 579 305 615; x_wconf 89' lang='lat' dir='ltr'>eis,</span> <span class='ocrx_word' id='word_1_55' title='bbox 319 579 438 616; x_wconf 85' lang='lat' dir='ltr'>reputat</span> <span class='ocrx_word' id='word_1_56' title='bbox 451 577 509 606; x_wconf 87' lang='lat' dir='ltr'>sibi</span> <span class='ocrx_word' id='word_1_57' title='bbox 524 575 649 612; x_wconf 80' lang='lat' dir='ltr'>faetum;</span> <span class='ocrx_word' id='word_1_58' title='bbox 666 575 737 612; x_wconf 85' lang='lat' dir='ltr'>quia</span> <span class='ocrx_word' id='word_1_59' title='bbox 749 575 857 604; x_wconf 85' lang='lat' dir='ltr'>dicitur</span> <span class='ocrx_word' id='word_1_60' title='bbox 871 574 902 602; x_wconf 93' lang='lat' dir='ltr'>in</span> <span class='ocrx_word' id='word_1_61' title='bbox 916 575 989 602; x_wconf 77' lang='lat' dir='ltr'>Mat·</span> 
     </span>
     <span class='ocr_line' id='line_1_20' title="bbox 207 623 952 660; baseline -0.008 -4"><span class='ocrx_word' id='word_1_62' title='bbox 207 628 275 656; x_wconf 78' lang='lat' dir='ltr'>thaeo</span> <span class='ocrx_word' id='word_1_63' title='bbox 288 627 299 644; x_wconf 75' lang='lat'>²</span> <span class='ocrx_word' id='word_1_64' title='bbox 315 636 323 655; x_wconf 88' lang='lat'>:</span> <span class='ocrx_word' id='word_1_65' title='bbox 340 626 416 660; x_wconf 74' lang='lat' dir='ltr'>Quod</span> <span class='ocrx_word' id='word_1_66' title='bbox 431 626 481 653; x_wconf 74' lang='lat' dir='ltr'>um·</span> <span class='ocrx_word' id='word_1_67' title='bbox 496 633 528 653; x_wconf 74' lang='lat' dir='ltr'>ex</span> <span class='ocrx_word' id='word_1_68' title='bbox 542 625 664 651; x_wconf 70' lang='lat' dir='ltr'>minimis</span> <span class='ocrx_word' id='word_1_69' title='bbox 678 624 743 651; x_wconf 82' lang='lat' dir='ltr'>mez&#39;s</span> <span class='ocrx_word' id='word_1_70' title='bbox 757 623 862 657; x_wconf 75' lang='lat' dir='ltr'>fecistis</span> <span class='ocrx_word' id='word_1_71' title='bbox 872 644 880 657; x_wconf 93' lang='lat'>‚</span> <span class='ocrx_word' id='word_1_72' title='bbox 899 624 952 650; x_wconf 88' lang='lat' dir='ltr'>ete.</span> 
     </span>
     <span class='ocr_line' id='line_1_21' title="bbox 242 669 991 707; baseline -0.008 -4"><span class='ocrx_word' id='word_1_73' title='bbox 242 674 338 703; x_wconf 83' lang='lat' dir='ltr'>Tertio</span> <span class='ocrx_word' id='word_1_74' title='bbox 352 672 493 702; x_wconf 76' lang='lat' dir='ltr'>notandoe</span> <span class='ocrx_word' id='word_1_75' title='bbox 506 672 575 700; x_wconf 90' lang='lat' dir='ltr'>sunt</span> <span class='ocrx_word' id='word_1_76' title='bbox 588 670 793 707; x_wconf 81' lang='lat' dir='ltr'>operationes,</span> <span class='ocrx_word' id='word_1_77' title='bbox 812 669 922 706; x_wconf 87' lang='lat' dir='ltr'>quibus</span> <span class='ocrx_word' id='word_1_78' title='bbox 936 669 991 697; x_wconf 88' lang='lat' dir='ltr'>mi-</span> 
     </span>
     <span class='ocr_line' id='line_1_22' title="bbox 207 717 991 757; baseline -0.009 -6"><span class='ocrx_word' id='word_1_79' title='bbox 207 721 371 751; x_wconf 85' lang='lat' dir='ltr'>sericordia</span> <span class='ocrx_word' id='word_1_80' title='bbox 385 721 558 757; x_wconf 87' lang='lat' dir='ltr'>occupatur.</span> <span class='ocrx_word' id='word_1_81' title='bbox 577 719 611 747; x_wconf 87' lang='lat' dir='ltr'>Et</span> <span class='ocrx_word' id='word_1_82' title='bbox 629 717 812 752; x_wconf 85' lang='lat' dir='ltr'>notandum,</span> <span class='ocrx_word' id='word_1_83' title='bbox 828 717 913 754; x_wconf 90' lang='lat' dir='ltr'>quod</span> <span class='ocrx_word' id='word_1_84' title='bbox 926 725 991 753; x_wconf 86' lang='lat' dir='ltr'><strong>sep-</strong></span> 
     </span>
     <span class='ocr_line' id='line_1_23' title="bbox 207 764 991 804; baseline -0.009 -6"><span class='ocrx_word' id='word_1_85' title='bbox 207 771 268 798; x_wconf 84' lang='lat' dir='ltr'>tem</span> <span class='ocrx_word' id='word_1_86' title='bbox 296 770 364 796; x_wconf 91' lang='lat' dir='ltr'>sunt</span> <span class='ocrx_word' id='word_1_87' title='bbox 392 775 485 804; x_wconf 88' lang='lat' dir='ltr'>opera</span> <span class='ocrx_word' id='word_1_88' title='bbox 511 764 721 794; x_wconf 62' lang='lat' dir='ltr'><strong>misericordiae</strong></span> <span class='ocrx_word' id='word_1_89' title='bbox 748 764 933 801; x_wconf 87' lang='lat' dir='ltr'>corporalia,</span> <span class='ocrx_word' id='word_1_90' title='bbox 962 765 991 792; x_wconf 89' lang='lat' dir='ltr'>et</span> 
     </span>
     <span class='ocr_line' id='line_1_24' title="bbox 207 811 990 853; baseline -0.009 -8"><span class='ocrx_word' id='word_1_91' title='bbox 207 818 320 853; x_wconf 83' lang='lat' dir='ltr'>septem</span> <span class='ocrx_word' id='word_1_92' title='bbox 334 813 507 852; x_wconf 83' lang='lat' dir='ltr'><strong>spiritualia.</strong></span> <span class='ocrx_word' id='word_1_93' title='bbox 524 812 698 849; x_wconf 87' lang='lat' dir='ltr'>Corporalia</span> <span class='ocrx_word' id='word_1_94' title='bbox 708 814 779 843; x_wconf 88' lang='lat' dir='ltr'>sunt</span> <span class='ocrx_word' id='word_1_95' title='bbox 793 811 866 840; x_wconf 87' lang='lat' dir='ltr'>ista:</span> <span class='ocrx_word' id='word_1_96' title='bbox 882 818 990 847; x_wconf 86' lang='lat' dir='ltr'>nempe</span> 
     </span>
     <span class='ocr_line' id='line_1_25' title="bbox 208 857 991 899; baseline -0.009 -7"><span class='ocrx_word' id='word_1_97' title='bbox 208 863 387 892; x_wconf 82' lang='lat' dir='ltr'>esurientem</span> <span class='ocrx_word' id='word_1_98' title='bbox 408 868 548 899; x_wconf 87' lang='lat' dir='ltr'>pascere,</span> <span class='ocrx_word' id='word_1_99' title='bbox 567 859 713 888; x_wconf 79' lang='lat' dir='ltr'>sitientem</span> <span class='ocrx_word' id='word_1_100' title='bbox 730 861 852 895; x_wconf 79' lang='lat' dir='ltr'>potare,</span> <span class='ocrx_word' id='word_1_101' title='bbox 874 857 991 886; x_wconf 88' lang='lat' dir='ltr'>nudum</span> 
     </span>
     <span class='ocr_line' id='line_1_26' title="bbox 208 905 991 946; baseline -0.011 -6"><span class='ocrx_word' id='word_1_102' title='bbox 208 911 325 946; x_wconf 88' lang='lat' dir='ltr'>vestire,</span> <span class='ocrx_word' id='word_1_103' title='bbox 340 910 488 946; x_wconf 79' lang='lat' dir='ltr'>hospitem</span> <span class='ocrx_word' id='word_1_104' title='bbox 509 907 651 944; x_wconf 84' lang='lat' dir='ltr'>colligere</span> <span class='ocrx_word' id='word_1_105' title='bbox 661 928 670 942; x_wconf 92' lang='lat'>‚</span> <span class='ocrx_word' id='word_1_106' title='bbox 686 907 838 935; x_wconf 83' lang='lat' dir='ltr'>infirmum</span> <span class='ocrx_word' id='word_1_107' title='bbox 852 905 970 933; x_wconf 86' lang='lat' dir='ltr'>visitare</span> <span class='ocrx_word' id='word_1_108' title='bbox 982 926 991 940; x_wconf 82' lang='lat'><em>,</em></span> 
     </span>
     <span class='ocr_line' id='line_1_27' title="bbox 207 953 992 992; baseline -0.01 -5"><span class='ocrx_word' id='word_1_109' title='bbox 207 958 341 987; x_wconf 87' lang='lat' dir='ltr'>vinctum</span> <span class='ocrx_word' id='word_1_110' title='bbox 355 957 498 992; x_wconf 84' lang='lat' dir='ltr'>liberare,</span> <span class='ocrx_word' id='word_1_111' title='bbox 514 957 542 984; x_wconf 86' lang='lat' dir='ltr'>et</span> <span class='ocrx_word' id='word_1_112' title='bbox 555 956 708 983; x_wconf 89' lang='lat' dir='ltr'>mortuum</span> <span class='ocrx_word' id='word_1_113' title='bbox 723 953 857 990; x_wconf 88' lang='lat' dir='ltr'>sepelire.</span> <span class='ocrx_word' id='word_1_114' title='bbox 875 953 992 988; x_wconf 87' lang='lat' dir='ltr'>Septem</span> 
     </span>
     <span class='ocr_line' id='line_1_28' title="bbox 207 1000 992 1042; baseline -0.01 -8"><span class='ocrx_word' id='word_1_115' title='bbox 207 1004 374 1042; x_wconf 85' lang='lat' dir='ltr'>spiritualia</span> <span class='ocrx_word' id='word_1_116' title='bbox 399 1005 466 1032; x_wconf 88' lang='lat' dir='ltr'>sunt</span> <span class='ocrx_word' id='word_1_117' title='bbox 486 1004 608 1040; x_wconf 85' lang='lat' dir='ltr'>peccata</span> <span class='ocrx_word' id='word_1_118' title='bbox 627 1001 773 1029; x_wconf 78' lang='lat' dir='ltr'>dimittere</span> <span class='ocrx_word' id='word_1_119' title='bbox 786 1021 795 1035; x_wconf 90' lang='lat'><em>‚</em></span> <span class='ocrx_word' id='word_1_120' title='bbox 819 1000 992 1036; x_wconf 80' lang='lat' dir='ltr'>peccantem</span> 
     </span>
     <span class='ocr_line' id='line_1_29' title="bbox 209 1046 992 1088; baseline -0.01 -7"><span class='ocrx_word' id='word_1_121' title='bbox 209 1052 372 1088; x_wconf 85' lang='lat' dir='ltr'>corrigere,</span> <span class='ocrx_word' id='word_1_122' title='bbox 387 1059 444 1088; x_wconf 87' lang='lat' dir='ltr'>pro</span> <span class='ocrx_word' id='word_1_123' title='bbox 458 1051 598 1087; x_wconf 81' lang='lat' dir='ltr'>peccante</span> <span class='ocrx_word' id='word_1_124' title='bbox 622 1056 707 1077; x_wconf 88' lang='lat' dir='ltr'>orare</span> <span class='ocrx_word' id='word_1_125' title='bbox 719 1069 727 1083; x_wconf 92' lang='lat'>‚</span> <span class='ocrx_word' id='word_1_126' title='bbox 744 1048 932 1083; x_wconf 80' lang='lat' dir='ltr'>ignorantem</span> <span class='ocrx_word' id='word_1_127' title='bbox 947 1046 992 1074; x_wconf 90' lang='lat' dir='ltr'>in-</span> 
     </span>
     <span class='ocr_line' id='line_1_30' title="bbox 208 1094 994 1135; baseline -0.01 -7"><span class='ocrx_word' id='word_1_128' title='bbox 208 1102 336 1135; x_wconf 85' lang='lat' dir='ltr'>struere,</span> <span class='ocrx_word' id='word_1_129' title='bbox 355 1098 539 1126; x_wconf 70' lang='lat' dir='ltr'>haesitantem</span> <span class='ocrx_word' id='word_1_130' title='bbox 558 1095 712 1124; x_wconf 89' lang='lat' dir='ltr'>consulere</span> <span class='ocrx_word' id='word_1_131' title='bbox 729 1094 778 1122; x_wconf 86' lang='lat' dir='ltr'>vel</span> <span class='ocrx_word' id='word_1_132' title='bbox 800 1094 994 1128; x_wconf 85' lang='lat' dir='ltr'>confirmare,</span> 
     </span>
     <span class='ocr_line' id='line_1_31' title="bbox 208 1142 994 1184; baseline -0.01 -8"><span class='ocrx_word' id='word_1_133' title='bbox 208 1147 378 1184; x_wconf 81' lang='lat' dir='ltr'>lugentibus</span> <span class='ocrx_word' id='word_1_134' title='bbox 393 1145 629 1174; x_wconf 85' lang='lat' dir='ltr'>consolationem</span> <span class='ocrx_word' id='word_1_135' title='bbox 641 1143 784 1181; x_wconf 60' lang='lat' dir='ltr'>premere,</span> <span class='ocrx_word' id='word_1_136' title='bbox 799 1145 826 1170; x_wconf 89' lang='lat' dir='ltr'>et</span> <span class='ocrx_word' id='word_1_137' title='bbox 838 1142 876 1170; x_wconf 90' lang='lat' dir='ltr'>ad</span> <span class='ocrx_word' id='word_1_138' title='bbox 890 1149 994 1169; x_wconf 88' lang='lat' dir='ltr'>omncs</span> 
     </span>
     <span class='ocr_line' id='line_1_32' title="bbox 209 1188 994 1228; baseline -0.01 -5"><span class='ocrx_word' id='word_1_139' title='bbox 209 1194 335 1222; x_wconf 83' lang='lat' dir='ltr'>afflictos</span> <span class='ocrx_word' id='word_1_140' title='bbox 355 1193 456 1222; x_wconf 88' lang='lat' dir='ltr'>cordis</span> <span class='ocrx_word' id='word_1_141' title='bbox 479 1192 719 1228; x_wconf 78' lang='lat' dir='ltr'>compassionem</span> <span class='ocrx_word' id='word_1_142' title='bbox 744 1190 867 1218; x_wconf 87' lang='lat' dir='ltr'>habere.</span> <span class='ocrx_word' id='word_1_143' title='bbox 887 1190 941 1216; x_wconf 79' lang='lat' dir='ltr'>Sex</span> <span class='ocrx_word' id='word_1_144' title='bbox 957 1188 994 1216; x_wconf 88' lang='lat' dir='ltr'>de</span> 
     </span>
     <span class='ocr_line' id='line_1_33' title="bbox 209 1236 992 1273; baseline -0.01 -3"><span class='ocrx_word' id='word_1_145' title='bbox 209 1241 271 1270; x_wconf 89' lang='lat' dir='ltr'>istis</span> <span class='ocrx_word' id='word_1_146' title='bbox 285 1243 480 1269; x_wconf 85' lang='lat' dir='ltr'>numerantur</span> <span class='ocrx_word' id='word_1_147' title='bbox 497 1239 528 1266; x_wconf 90' lang='lat' dir='ltr'>in</span> <span class='ocrx_word' id='word_1_148' title='bbox 551 1239 699 1271; x_wconf 72' lang='lat' dir='ltr'>Molthoeo5</span> <span class='ocrx_word' id='word_1_149' title='bbox 714 1237 839 1273; x_wconf 72' lang='lat' dir='ltr'>septima</span> <span class='ocrx_word' id='word_1_150' title='bbox 855 1236 885 1263; x_wconf 89' lang='lat' dir='ltr'>in</span> <span class='ocrx_word' id='word_1_151' title='bbox 902 1236 992 1262; x_wconf 75' lang='lat' dir='ltr'>Tobid.</span> 
     </span>
     <span class='ocr_line' id='line_1_34' title="bbox 209 1281 996 1323; baseline -0.01 -6"><span class='ocrx_word' id='word_1_152' title='bbox 209 1290 243 1317; x_wconf 89' lang='lat' dir='ltr'>Et</span> <span class='ocrx_word' id='word_1_153' title='bbox 257 1288 288 1316; x_wconf 90' lang='lat' dir='ltr'>in</span> <span class='ocrx_word' id='word_1_154' title='bbox 302 1287 399 1323; x_wconf 85' lang='lat' dir='ltr'>figura</span> <span class='ocrx_word' id='word_1_155' title='bbox 408 1287 517 1314; x_wconf 89' lang='lat' dir='ltr'>horum</span> <span class='ocrx_word' id='word_1_156' title='bbox 531 1285 638 1313; x_wconf 87' lang='lat' dir='ltr'>dicitur</span> <span class='ocrx_word' id='word_1_157' title='bbox 652 1285 682 1312; x_wconf 91' lang='lat' dir='ltr'>in</span> <span class='ocrx_word' id='word_1_158' title='bbox 698 1285 865 1319; x_wconf 67' lang='lat' dir='ltr'>Apocalypsi</span> <span class='ocrx_word' id='word_1_159' title='bbox 879 1283 899 1316; x_wconf 73' lang='lat'>³,</span> <span class='ocrx_word' id='word_1_160' title='bbox 911 1281 996 1318; x_wconf 90' lang='lat' dir='ltr'>quod</span> 
     </span>
     <span class='ocr_line' id='line_1_35' title="bbox 210 1331 995 1366; baseline -0.009 -3"><span class='ocrx_word' id='word_1_161' title='bbox 210 1334 313 1364; x_wconf 86' lang='lat' dir='ltr'>similis</span> <span class='ocrx_word' id='word_1_162' title='bbox 328 1334 391 1362; x_wconf 91' lang='lat' dir='ltr'>filio</span> <span class='ocrx_word' id='word_1_163' title='bbox 406 1333 537 1362; x_wconf 87' lang='lat' dir='ltr'>hominis</span> <span class='ocrx_word' id='word_1_164' title='bbox 551 1334 614 1360; x_wconf 87' lang='lat' dir='ltr'>crat</span> <span class='ocrx_word' id='word_1_165' title='bbox 628 1332 658 1359; x_wconf 93' lang='lat' dir='ltr'>in</span> <span class='ocrx_word' id='word_1_166' title='bbox 675 1331 775 1359; x_wconf 85' lang='lat' dir='ltr'>medio</span> <span class='ocrx_word' id='word_1_167' title='bbox 797 1333 910 1366; x_wconf 79' lang='lat' dir='ltr'>septem</span> <span class='ocrx_word' id='word_1_168' title='bbox 925 1336 995 1356; x_wconf 87' lang='lat' dir='ltr'>cau-</span> 
     </span>
     <span class='ocr_line' id='line_1_36' title="bbox 211 1376 996 1412; baseline -0.01 -1"><span class='ocrx_word' id='word_1_169' title='bbox 211 1382 406 1411; x_wconf 84' lang='lat' dir='ltr'>delabrorum</span> <span class='ocrx_word' id='word_1_170' title='bbox 425 1388 584 1409; x_wconf 87' lang='lat' dir='ltr'>aureorum</span> <span class='ocrx_word' id='word_1_171' title='bbox 596 1400 604 1412; x_wconf 95' lang='lat'><em>‚</em></span> <span class='ocrx_word' id='word_1_172' title='bbox 620 1381 647 1407; x_wconf 88' lang='lat' dir='ltr'>et</span> <span class='ocrx_word' id='word_1_173' title='bbox 665 1377 798 1406; x_wconf 86' lang='lat' dir='ltr'>habebat</span> <span class='ocrx_word' id='word_1_174' title='bbox 821 1377 851 1404; x_wconf 91' lang='lat' dir='ltr'>in</span> <span class='ocrx_word' id='word_1_175' title='bbox 875 1376 996 1404; x_wconf 79' lang='lat' dir='ltr'>dextera</span> 
     </span>
     <span class='ocr_line' id='line_1_37' title="bbox 211 1425 996 1466; baseline -0.009 -8"><span class='ocrx_word' id='word_1_176' title='bbox 211 1437 265 1458; x_wconf 84' lang='lat' dir='ltr'>sua</span> <span class='ocrx_word' id='word_1_177' title='bbox 284 1431 396 1466; x_wconf 88' lang='lat' dir='ltr'>septem</span> <span class='ocrx_word' id='word_1_178' title='bbox 411 1427 519 1456; x_wconf 87' lang='lat' dir='ltr'>stellas.</span> <span class='ocrx_word' id='word_1_179' title='bbox 540 1428 628 1455; x_wconf 67' lang='lat' dir='ltr'>Filius</span> <span class='ocrx_word' id='word_1_180' title='bbox 646 1427 761 1453; x_wconf 74' lang='lat' dir='ltr'>hominis</span> <span class='ocrx_word' id='word_1_181' title='bbox 782 1425 889 1453; x_wconf 86' lang='lat' dir='ltr'>dicitur</span> <span class='ocrx_word' id='word_1_182' title='bbox 903 1425 996 1452; x_wconf 90' lang='lat' dir='ltr'>homo</span> 
     </span>
     <span class='ocr_line' id='line_1_38' title="bbox 211 1471 997 1514; baseline -0.008 -10"><span class='ocrx_word' id='word_1_183' title='bbox 211 1476 254 1514; x_wconf 84' lang='lat' dir='ltr'>pii</span> <span class='ocrx_word' id='word_1_184' title='bbox 269 1475 378 1510; x_wconf 82' lang='lat' dir='ltr'>cordis,</span> <span class='ocrx_word' id='word_1_185' title='bbox 390 1475 472 1512; x_wconf 88' lang='lat' dir='ltr'>quia,</span> <span class='ocrx_word' id='word_1_186' title='bbox 485 1474 651 1502; x_wconf 85' lang='lat' dir='ltr'>secundum</span> <span class='ocrx_word' id='word_1_187' title='bbox 667 1473 890 1508; x_wconf 82' lang='lat' dir='ltr'>Philosophum,</span> <span class='ocrx_word' id='word_1_188' title='bbox 903 1471 997 1507; x_wconf 82' lang='lat' dir='ltr'>pietas</span> 
     </span>
     <span class='ocr_line' id='line_1_39' title="bbox 213 1518 996 1560; baseline -0.008 -8"><span class='ocrx_word' id='word_1_189' title='bbox 213 1525 256 1552; x_wconf 86' lang='lat' dir='ltr'>est</span> <span class='ocrx_word' id='word_1_190' title='bbox 275 1522 432 1560; x_wconf 87' lang='lat' dir='ltr'>proprium</span> <span class='ocrx_word' id='word_1_191' title='bbox 454 1521 599 1554; x_wconf 87' lang='lat' dir='ltr'>hominis,</span> <span class='ocrx_word' id='word_1_192' title='bbox 614 1521 689 1548; x_wconf 88' lang='lat' dir='ltr'>sicut</span> <span class='ocrx_word' id='word_1_193' title='bbox 709 1519 868 1548; x_wconf 87' lang='lat' dir='ltr'>crudelitas</span> <span class='ocrx_word' id='word_1_194' title='bbox 890 1518 996 1546; x_wconf 73' lang='lat' dir='ltr'>lconis.</span> 
     </span>
     <span class='ocr_line' id='line_1_40' title="bbox 215 1565 998 1604; baseline -0.006 -6"><span class='ocrx_word' id='word_1_195' title='bbox 215 1570 386 1599; x_wconf 75' lang='lat' dir='ltr'>Candelabra</span> <span class='ocrx_word' id='word_1_196' title='bbox 404 1577 488 1597; x_wconf 82' lang='lat' dir='ltr'>aurea</span> <span class='ocrx_word' id='word_1_197' title='bbox 506 1568 624 1604; x_wconf 83' lang='lat' dir='ltr'>signant</span> <span class='ocrx_word' id='word_1_198' title='bbox 642 1570 756 1603; x_wconf 78' lang='lat' dir='ltr'>septem</span> <span class='ocrx_word' id='word_1_199' title='bbox 777 1575 869 1603; x_wconf 79' lang='lat' dir='ltr'>opera</span> <span class='ocrx_word' id='word_1_200' title='bbox 884 1565 998 1594; x_wconf 75' lang='lat' dir='ltr'>miseri-</span> 
     </span>
     <span class='ocr_line' id='line_1_41' title="bbox 215 1613 997 1654; baseline -0.01 -7"><span class='ocrx_word' id='word_1_201' title='bbox 215 1617 324 1647; x_wconf 67' lang='grc' dir='ltr'>σοι-ἀίω</span> <span class='ocrx_word' id='word_1_202' title='bbox 340 1616 519 1654; x_wconf 87' lang='lat' dir='ltr'>corporalia,</span> <span class='ocrx_word' id='word_1_203' title='bbox 533 1624 599 1652; x_wconf 71' lang='lat' dir='ltr'>qum</span> <span class='ocrx_word' id='word_1_204' title='bbox 614 1618 681 1643; x_wconf 82' lang='lat' dir='ltr'>suut</span> <span class='ocrx_word' id='word_1_205' title='bbox 692 1618 722 1643; x_wconf 91' lang='lat' dir='ltr'>ut</span> <span class='ocrx_word' id='word_1_206' title='bbox 735 1622 842 1642; x_wconf 89' lang='lat' dir='ltr'>aurum</span> <span class='ocrx_word' id='word_1_207' title='bbox 858 1613 997 1650; x_wconf 83' lang='lat' dir='ltr'>pretiosa.</span> 
     </span>
     <span class='ocr_line' id='line_1_42' title="bbox 215 1662 1000 1700; baseline -0.009 -7"><span class='ocrx_word' id='word_1_208' title='bbox 215 1665 321 1700; x_wconf 81' lang='lat' dir='ltr'>Septem</span> <span class='ocrx_word' id='word_1_209' title='bbox 335 1665 430 1698; x_wconf 69' lang='lat' dir='ltr'>stetim,</span> <span class='ocrx_word' id='word_1_210' title='bbox 445 1672 512 1699; x_wconf 79' lang='lat' dir='ltr'>quae</span> <span class='ocrx_word' id='word_1_211' title='bbox 528 1665 593 1690; x_wconf 88' lang='lat' dir='ltr'>suut</span> <span class='ocrx_word' id='word_1_212' title='bbox 609 1663 639 1690; x_wconf 91' lang='lat' dir='ltr'>in</span> <span class='ocrx_word' id='word_1_213' title='bbox 656 1662 788 1695; x_wconf 78' lang='lat' dir='ltr'>dextera,</span> <span class='ocrx_word' id='word_1_214' title='bbox 804 1663 872 1688; x_wconf 90' lang='lat' dir='ltr'>sunt</span> <span class='ocrx_word' id='word_1_215' title='bbox 886 1662 1000 1696; x_wconf 79' lang='lat' dir='ltr'>septem</span> 
     </span>
     <span class='ocr_line' id='line_1_43' title="bbox 218 1706 1000 1748; baseline -0.01 -8"><span class='ocrx_word' id='word_1_216' title='bbox 218 1719 310 1748; x_wconf 89' lang='lat' dir='ltr'>opera</span> <span class='ocrx_word' id='word_1_217' title='bbox 323 1710 532 1739; x_wconf 65' lang='lat' dir='ltr'>misericordiae</span> <span class='ocrx_word' id='word_1_218' title='bbox 545 1709 720 1746; x_wconf 73' lang='lat' dir='ltr'>spiritualia,</span> <span class='ocrx_word' id='word_1_219' title='bbox 738 1709 766 1736; x_wconf 91' lang='lat' dir='ltr'>in</span> <span class='ocrx_word' id='word_1_220' title='bbox 779 1708 878 1735; x_wconf 88' lang='lat' dir='ltr'>cordis</span> <span class='ocrx_word' id='word_1_221' title='bbox 893 1706 1000 1734; x_wconf 72' lang='lat' dir='ltr'>hemis-</span> 
     </span>
     <span class='ocr_line' id='line_1_44' title="bbox 218 1755 889 1795; baseline -0.009 -8"><span class='ocrx_word' id='word_1_222' title='bbox 218 1758 329 1795; x_wconf 84' lang='lat' dir='ltr'>phoerio</span> <span class='ocrx_word' id='word_1_223' title='bbox 345 1757 473 1786; x_wconf 87' lang='lat' dir='ltr'>lucentia</span> <span class='ocrx_word' id='word_1_224' title='bbox 489 1760 630 1793; x_wconf 87' lang='lat' dir='ltr'>tauquam</span> <span class='ocrx_word' id='word_1_225' title='bbox 646 1756 744 1783; x_wconf 80' lang='lat' dir='ltr'>sidera</span> <span class='ocrx_word' id='word_1_226' title='bbox 759 1755 889 1783; x_wconf 81' lang='lat' dir='ltr'>radiosa.</span> 
     </span>
    </p>
   </div>
   <div class='ocr_carea' id='block_1_5' title="bbox 449 1870 776 1986">
    <p class='ocr_par' dir='ltr' id='par_1_7' title="bbox 449 1870 776 1986">
     <span class='ocr_line' id='line_1_45' title="bbox 504 1870 719 1905; baseline -0.009 0"><span class='ocrx_word' id='word_1_227' title='bbox 504 1871 647 1905; x_wconf 73' lang='lat' dir='ltr'>CAPUT</span> <span class='ocrx_word' id='word_1_228' title='bbox 677 1870 719 1903; x_wconf 90' lang='lat' dir='ltr'>V.</span> 
     </span>
     <span class='ocr_line' id='line_1_46' title="bbox 449 1955 776 1986; baseline -0.009 -1"><span class='ocrx_word' id='word_1_229' title='bbox 449 1959 486 1985; x_wconf 86' lang='lat' dir='ltr'>Dc</span> <span class='ocrx_word' id='word_1_230' title='bbox 513 1957 653 1986; x_wconf 71' lang='lat' dir='ltr'>Munditie</span> <span class='ocrx_word' id='word_1_231' title='bbox 677 1955 776 1983; x_wconf 79' lang='lat' dir='ltr'>cordis.</span> 
     </span>
    </p>
   </div>
   <div class='ocr_carea' id='block_1_6' title="bbox 228 2037 1017 2684">
    <p class='ocr_par' dir='ltr' id='par_1_8' title="bbox 228 2037 1017 2684">
     <span class='ocr_line' id='line_1_47' title="bbox 264 2037 1006 2075; baseline -0.009 -4"><span class='ocrx_word' id='word_1_232' title='bbox 264 2044 301 2071; x_wconf 84' lang='lat' dir='ltr'>De</span> <span class='ocrx_word' id='word_1_233' title='bbox 313 2041 460 2070; x_wconf 88' lang='lat' dir='ltr'>munditia</span> <span class='ocrx_word' id='word_1_234' title='bbox 473 2040 572 2068; x_wconf 81' lang='lat' dir='ltr'>cordis</span> <span class='ocrx_word' id='word_1_235' title='bbox 583 2060 591 2073; x_wconf 90' lang='lat'>‚</span> <span class='ocrx_word' id='word_1_236' title='bbox 607 2048 673 2075; x_wconf 71' lang='lat' dir='ltr'>qum</span> <span class='ocrx_word' id='word_1_237' title='bbox 689 2041 731 2066; x_wconf 89' lang='lat' dir='ltr'>est</span> <span class='ocrx_word' id='word_1_238' title='bbox 745 2040 825 2066; x_wconf 81' lang='lat' dir='ltr'>sexta</span> <span class='ocrx_word' id='word_1_239' title='bbox 843 2037 1006 2071; x_wconf 82' lang='lat' dir='ltr'>beatitudo,</span> 
     </span>
     <span class='ocr_line' id='line_1_48' title="bbox 228 2085 1009 2123; baseline -0.009 -5"><span class='ocrx_word' id='word_1_240' title='bbox 228 2091 270 2118; x_wconf 86' lang='lat' dir='ltr'>est</span> <span class='ocrx_word' id='word_1_241' title='bbox 283 2088 461 2120; x_wconf 87' lang='lat' dir='ltr'>notandum,</span> <span class='ocrx_word' id='word_1_242' title='bbox 477 2086 560 2123; x_wconf 86' lang='lat' dir='ltr'>quod</span> <span class='ocrx_word' id='word_1_243' title='bbox 575 2086 630 2114; x_wconf 83' lang='lat' dir='ltr'>tria</span> <span class='ocrx_word' id='word_1_244' title='bbox 645 2088 712 2113; x_wconf 86' lang='lat' dir='ltr'>sunt</span> <span class='ocrx_word' id='word_1_245' title='bbox 727 2094 792 2121; x_wconf 77' lang='lat' dir='ltr'>quae</span> <span class='ocrx_word' id='word_1_246' title='bbox 809 2085 907 2113; x_wconf 85' lang='lat' dir='ltr'>cordis</span> <span class='ocrx_word' id='word_1_247' title='bbox 922 2092 1009 2112; x_wconf 84' lang='lat' dir='ltr'>mun-</span> 
     </span>
     <span class='ocr_line' id='line_1_49' title="bbox 229 2132 1010 2169; baseline -0.008 -4"><span class='ocrx_word' id='word_1_248' title='bbox 229 2137 333 2165; x_wconf 87' lang='lat' dir='ltr'>ditiam</span> <span class='ocrx_word' id='word_1_249' title='bbox 351 2135 470 2169; x_wconf 79' lang='lat' dir='ltr'>faciunt,</span> <span class='ocrx_word' id='word_1_250' title='bbox 487 2134 595 2161; x_wconf 85' lang='lat' dir='ltr'>scilicet</span> <span class='ocrx_word' id='word_1_251' title='bbox 610 2133 695 2161; x_wconf 83' lang='lat' dir='ltr'>lectio</span> <span class='ocrx_word' id='word_1_252' title='bbox 711 2133 938 2168; x_wconf 72' lang='lat' dir='ltr'>scripturarum,</span> <span class='ocrx_word' id='word_1_253' title='bbox 952 2132 1010 2159; x_wconf 81' lang='lat' dir='ltr'>lar-</span> 
     </span>
     <span class='ocr_line' id='line_1_50' title="bbox 229 2179 1008 2219; baseline -0.006 -8"><span class='ocrx_word' id='word_1_254' title='bbox 229 2184 300 2219; x_wconf 82' lang='lat' dir='ltr'>gitio</span> <span class='ocrx_word' id='word_1_255' title='bbox 322 2183 601 2217; x_wconf 65' lang='lat' dir='ltr'>elecmosynarum,</span> <span class='ocrx_word' id='word_1_256' title='bbox 625 2183 651 2207; x_wconf 86' lang='lat' dir='ltr'>et</span> <span class='ocrx_word' id='word_1_257' title='bbox 673 2180 776 2207; x_wconf 68' lang='lat' dir='ltr'>allusio</span> <span class='ocrx_word' id='word_1_258' title='bbox 798 2179 1008 2215; x_wconf 56' lang='lat' dir='ltr'>laerymarum.</span> 
     </span>
     <span class='ocr_line' id='line_1_51' title="bbox 231 2226 1013 2264; baseline -0.008 -6"><span class='ocrx_word' id='word_1_259' title='bbox 231 2231 328 2259; x_wconf 89' lang='lat' dir='ltr'>Primo</span> <span class='ocrx_word' id='word_1_260' title='bbox 345 2229 431 2256; x_wconf 84' lang='lat' dir='ltr'>lectio</span> <span class='ocrx_word' id='word_1_261' title='bbox 446 2228 663 2264; x_wconf 83' lang='lat' dir='ltr'>Scripturarum</span> <span class='ocrx_word' id='word_1_262' title='bbox 681 2227 768 2253; x_wconf 77' lang='lat' dir='ltr'>otlicit</span> <span class='ocrx_word' id='word_1_263' title='bbox 787 2234 838 2254; x_wconf 88' lang='lat' dir='ltr'>cor</span> <span class='ocrx_word' id='word_1_264' title='bbox 853 2226 1013 2260; x_wconf 87' lang='lat' dir='ltr'>mundum,</span> 
     </span>
     <span class='ocr_line' id='line_1_52' title="bbox 233 2274 1012 2314; baseline -0.008 -9"><span class='ocrx_word' id='word_1_265' title='bbox 233 2278 303 2314; x_wconf 88' lang='lat' dir='ltr'>quia</span> <span class='ocrx_word' id='word_1_266' title='bbox 325 2276 432 2303; x_wconf 79' lang='lat' dir='ltr'>dieitur</span> <span class='ocrx_word' id='word_1_267' title='bbox 453 2275 483 2302; x_wconf 88' lang='lat' dir='ltr'>in</span> <span class='ocrx_word' id='word_1_268' title='bbox 508 2276 608 2301; x_wconf 78' lang='lat' dir='ltr'>Joanne</span> <span class='ocrx_word' id='word_1_269' title='bbox 629 2275 637 2289; x_wconf 67' lang='lat'>&#39;⁴</span> <span class='ocrx_word' id='word_1_270' title='bbox 655 2284 660 2299; x_wconf 89' lang='lat'><strong>:</strong></span> <span class='ocrx_word' id='word_1_271' title='bbox 683 2275 745 2300; x_wconf 77' lang='lat' dir='ltr'>Jum</span> <span class='ocrx_word' id='word_1_272' title='bbox 766 2282 808 2300; x_wconf 82' lang='lat' dir='ltr'>ros</span> <span class='ocrx_word' id='word_1_273' title='bbox 832 2274 927 2300; x_wconf 74' lang='lat' dir='ltr'>mundi</span> <span class='ocrx_word' id='word_1_274' title='bbox 948 2275 1012 2300; x_wconf 68' lang='lat' dir='ltr'>estis</span> 
     </span>
     <span class='ocr_line' id='line_1_53' title="bbox 231 2321 1013 2361; baseline -0.005 -9"><span class='ocrx_word' id='word_1_275' title='bbox 231 2326 343 2361; x_wconf 79' lang='lat' dir='ltr'>propter</span> <span class='ocrx_word' id='word_1_276' title='bbox 358 2330 502 2350; x_wconf 74' lang='lat' dir='ltr'>sermonem</span> <span class='ocrx_word' id='word_1_277' title='bbox 513 2343 521 2354; x_wconf 82' lang='grc'><strong><em>,</em></strong></span> <span class='ocrx_word' id='word_1_278' title='bbox 539 2329 615 2356; x_wconf 73' lang='lat' dir='ltr'>‹111an</span> <span class='ocrx_word' id='word_1_279' title='bbox 631 2321 732 2347; x_wconf 61' lang='lat' dir='ltr'>loeutus</span> <span class='ocrx_word' id='word_1_280' title='bbox 748 2328 805 2347; x_wconf 85' lang='lat' dir='ltr'>sum</span> <span class='ocrx_word' id='word_1_281' title='bbox 827 2321 910 2347; x_wconf 69' lang='lat' dir='ltr'>robis.</span> <span class='ocrx_word' id='word_1_282' title='bbox 927 2321 1013 2354; x_wconf 80' lang='lat' dir='ltr'>Quod</span> 
     </span>
     <span class='ocr_line' id='line_1_54' title="bbox 234 2367 1013 2407; baseline -0.006 -8"><span class='ocrx_word' id='word_1_283' title='bbox 234 2372 378 2407; x_wconf 84' lang='lat' dir='ltr'>figuratur</span> <span class='ocrx_word' id='word_1_284' title='bbox 393 2370 543 2403; x_wconf 64' lang='lat' dir='ltr'>eleganter</span> <span class='ocrx_word' id='word_1_285' title='bbox 558 2376 610 2404; x_wconf 84' lang='lat' dir='ltr'>per</span> <span class='ocrx_word' id='word_1_286' title='bbox 624 2367 802 2395; x_wconf 74' lang='lat' dir='ltr'>lavatorium</span> <span class='ocrx_word' id='word_1_287' title='bbox 821 2367 1013 2402; x_wconf 75' lang='lat' dir='ltr'>tabernaculi,</span> 
     </span>
     <span class='ocr_line' id='line_1_55' title="bbox 235 2414 1015 2452; baseline -0.004 -6"><span class='ocrx_word' id='word_1_288' title='bbox 235 2420 267 2447; x_wconf 84' lang='lat' dir='ltr'>ut</span> <span class='ocrx_word' id='word_1_289' title='bbox 279 2417 385 2452; x_wconf 84' lang='lat' dir='ltr'>legitur</span> <span class='ocrx_word' id='word_1_290' title='bbox 400 2417 430 2444; x_wconf 87' lang='lat' dir='ltr'>iu</span> <span class='ocrx_word' id='word_1_291' title='bbox 446 2416 538 2442; x_wconf 57' lang='lat' dir='ltr'>Erotio</span> <span class='ocrx_word' id='word_1_292' title='bbox 552 2416 571 2442; x_wconf 68' lang='lat'>¹⁵.</span> <span class='ocrx_word' id='word_1_293' title='bbox 595 2417 626 2442; x_wconf 81' lang='lat' dir='ltr'>Et</span> <span class='ocrx_word' id='word_1_294' title='bbox 645 2417 729 2448; x_wconf 82' lang='lat' dir='ltr'>nota,</span> <span class='ocrx_word' id='word_1_295' title='bbox 754 2414 834 2450; x_wconf 81' lang='lat' dir='ltr'>quod</span> <span class='ocrx_word' id='word_1_296' title='bbox 857 2415 917 2441; x_wconf 89' lang='lat' dir='ltr'>duo</span> <span class='ocrx_word' id='word_1_297' title='bbox 933 2418 1015 2443; x_wconf 79' lang='lat' dir='ltr'>crant</span> 
     </span>
     <span class='ocr_line' id='line_1_56' title="bbox 235 2461 1012 2498; baseline -0.005 -5"><span class='ocrx_word' id='word_1_298' title='bbox 235 2465 266 2493; x_wconf 89' lang='lat' dir='ltr'>in</span> <span class='ocrx_word' id='word_1_299' title='bbox 280 2463 437 2498; x_wconf 86' lang='lat' dir='ltr'>lavatorio,</span> <span class='ocrx_word' id='word_1_300' title='bbox 449 2462 558 2490; x_wconf 74' lang='lat' dir='ltr'>scilicet</span> <span class='ocrx_word' id='word_1_301' title='bbox 568 2461 732 2497; x_wconf 82' lang='lat' dir='ltr'>speculum,</span> <span class='ocrx_word' id='word_1_302' title='bbox 746 2464 773 2488; x_wconf 87' lang='lat' dir='ltr'>et</span> <span class='ocrx_word' id='word_1_303' title='bbox 788 2469 866 2496; x_wconf 79' lang='lat' dir='ltr'>aqua</span> <span class='ocrx_word' id='word_1_304' title='bbox 879 2462 992 2489; x_wconf 84' lang='lat' dir='ltr'>munda</span> <span class='ocrx_word' id='word_1_305' title='bbox 1007 2472 1012 2489; x_wconf 91' lang='lat'><strong>:</strong></span> 
     </span>
     <span class='ocr_line' id='line_1_57' title="bbox 237 2508 1017 2544; baseline -0.005 -4"><span class='ocrx_word' id='word_1_306' title='bbox 237 2513 264 2539; x_wconf 82' lang='lat' dir='ltr'>et</span> <span class='ocrx_word' id='word_1_307' title='bbox 279 2512 341 2540; x_wconf 81' lang='lat' dir='ltr'>haec</span> <span class='ocrx_word' id='word_1_308' title='bbox 361 2510 422 2538; x_wconf 90' lang='lat' dir='ltr'>duo</span> <span class='ocrx_word' id='word_1_309' title='bbox 441 2512 507 2537; x_wconf 89' lang='lat' dir='ltr'>suut</span> <span class='ocrx_word' id='word_1_310' title='bbox 528 2509 648 2544; x_wconf 62' lang='lat' dir='ltr'>mystice</span> <span class='ocrx_word' id='word_1_311' title='bbox 672 2508 701 2535; x_wconf 90' lang='lat' dir='ltr'>iu</span> <span class='ocrx_word' id='word_1_312' title='bbox 726 2516 806 2535; x_wconf 78' lang='lat' dir='ltr'>sacra</span> <span class='ocrx_word' id='word_1_313' title='bbox 825 2508 934 2543; x_wconf 77' lang='lat' dir='ltr'>pagina</span> <span class='ocrx_word' id='word_1_314' title='bbox 952 2518 957 2536; x_wconf 93' lang='lat'>:</span> <span class='ocrx_word' id='word_1_315' title='bbox 975 2511 1017 2536; x_wconf 76' lang='lat' dir='ltr'>est</span> 
     </span>
     <span class='ocr_line' id='line_1_58' title="bbox 238 2555 1015 2594; baseline -0.005 -8"><span class='ocrx_word' id='word_1_316' title='bbox 238 2559 317 2586; x_wconf 84' lang='lat' dir='ltr'>enim</span> <span class='ocrx_word' id='word_1_317' title='bbox 331 2557 496 2594; x_wconf 80' lang='lat' dir='ltr'>speculum,</span> <span class='ocrx_word' id='word_1_318' title='bbox 514 2556 583 2592; x_wconf 88' lang='lat' dir='ltr'>quia</span> <span class='ocrx_word' id='word_1_319' title='bbox 598 2555 710 2591; x_wconf 77' lang='lat' dir='ltr'>pcccati</span> <span class='ocrx_word' id='word_1_320' title='bbox 725 2555 857 2582; x_wconf 79' lang='lat' dir='ltr'>maculas</span> <span class='ocrx_word' id='word_1_321' title='bbox 872 2556 1015 2590; x_wconf 41' lang='lat' dir='ltr'>ostendi&amp;</span> 
     </span>
     <span class='ocr_line' id='line_1_59' title="bbox 239 2601 1016 2640; baseline -0.004 -7"><span class='ocrx_word' id='word_1_322' title='bbox 239 2608 267 2633; x_wconf 87' lang='lat' dir='ltr'>ct</span> <span class='ocrx_word' id='word_1_323' title='bbox 281 2608 322 2633; x_wconf 80' lang='lat' dir='ltr'>est</span> <span class='ocrx_word' id='word_1_324' title='bbox 338 2612 428 2640; x_wconf 84' lang='lat' dir='ltr'>aqua,</span> <span class='ocrx_word' id='word_1_325' title='bbox 444 2603 514 2640; x_wconf 86' lang='lat' dir='ltr'>quia</span> <span class='ocrx_word' id='word_1_326' title='bbox 534 2602 666 2630; x_wconf 80' lang='lat' dir='ltr'>maculas</span> <span class='ocrx_word' id='word_1_327' title='bbox 682 2601 775 2635; x_wconf 77' lang='lat' dir='ltr'>tergit.</span> <span class='ocrx_word' id='word_1_328' title='bbox 797 2601 932 2629; x_wconf 78' lang='lat' dir='ltr'>Secundo</span> <span class='ocrx_word' id='word_1_329' title='bbox 948 2602 1016 2630; x_wconf 65' lang='lat' dir='ltr'>savit</span> 
     </span>
     <span class='ocr_line' id='line_1_60' title="bbox 239 2649 1017 2684; baseline -0.005 -4"><span class='ocrx_word' id='word_1_330' title='bbox 239 2660 290 2680; x_wconf 88' lang='lat' dir='ltr'>cor</span> <span class='ocrx_word' id='word_1_331' title='bbox 312 2651 460 2679; x_wconf 89' lang='lat' dir='ltr'>mundum</span> <span class='ocrx_word' id='word_1_332' title='bbox 483 2649 587 2678; x_wconf 78' lang='lat' dir='ltr'>effusio</span> <span class='ocrx_word' id='word_1_333' title='bbox 611 2649 832 2684; x_wconf 79' lang='lat' dir='ltr'>laerymarum,</span> <span class='ocrx_word' id='word_1_334' title='bbox 859 2649 928 2684; x_wconf 86' lang='lat' dir='ltr'>quia</span> <span class='ocrx_word' id='word_1_335' title='bbox 945 2649 1017 2677; x_wconf 81' lang='lat' dir='ltr'>dici-</span> 
     </span>
    </p>
   </div>
   <div class='ocr_carea' id='block_1_7' title="bbox 242 2711 1018 2782">
    <p class='ocr_par' dir='ltr' id='par_1_9' title="bbox 242 2711 1018 2782">
     <span class='ocr_line' id='line_1_61' title="bbox 272 2711 1017 2743; baseline -0.005 -5"><span class='ocrx_word' id='word_1_336' title='bbox 272 2714 380 2743; x_wconf 69' lang='lat' dir='ltr'>*Eccli.,</span> <span class='ocrx_word' id='word_1_337' title='bbox 397 2720 474 2742; x_wconf 51' lang='lat' dir='ltr'>xvv,</span> <span class='ocrx_word' id='word_1_338' title='bbox 494 2714 528 2737; x_wconf 80' lang='lat' dir='ltr'>iS.</span> <span class='ocrx_word' id='word_1_339' title='bbox 544 2726 575 2730; x_wconf 96' lang='lat'><strong>—</strong></span> <span class='ocrx_word' id='word_1_340' title='bbox 589 2713 600 2728; x_wconf 74' lang='lat'><strong>¹</strong></span> <span class='ocrx_word' id='word_1_341' title='bbox 616 2711 716 2738; x_wconf 61' lang='lat' dir='ltr'>Mami..</span> <span class='ocrx_word' id='word_1_342' title='bbox 733 2717 793 2740; x_wconf 73' lang='lat' dir='ltr'>xxv,</span> <span class='ocrx_word' id='word_1_343' title='bbox 810 2713 847 2735; x_wconf 68' lang='lat'>110.</span> <span class='ocrx_word' id='word_1_344' title='bbox 865 2724 894 2728; x_wconf 90' lang='lat'>-—</span> <span class='ocrx_word' id='word_1_345' title='bbox 908 2712 918 2726; x_wconf 75' lang='lat'>³</span> <span class='ocrx_word' id='word_1_346' title='bbox 934 2712 1017 2743; x_wconf 53' lang='lat' dir='ltr'>xillae„</span> 
     </span>
     <span class='ocr_line' id='line_1_62' title="bbox 242 2747 1018 2782; baseline -0.005 -7"><span class='ocrx_word' id='word_1_347' title='bbox 242 2758 261 2782; x_wconf 86' lang='lat'>1,</span> <span class='ocrx_word' id='word_1_348' title='bbox 278 2752 316 2780; x_wconf 77' lang='lat'>13,</span> <span class='ocrx_word' id='word_1_349' title='bbox 334 2752 411 2774; x_wconf 81' lang='lat' dir='ltr'>¹G.·-</span> <span class='ocrx_word' id='word_1_350' title='bbox 426 2750 435 2766; x_wconf 58' lang='grc' dir='ltr'>δ</span> <span class='ocrx_word' id='word_1_351' title='bbox 448 2750 530 2778; x_wconf 62' lang='lat' dir='ltr'>loun„</span> <span class='ocrx_word' id='word_1_352' title='bbox 546 2754 588 2779; x_wconf 71' lang='lat' dir='ltr'>xv,</span> <span class='ocrx_word' id='word_1_353' title='bbox 602 2750 626 2772; x_wconf 70' lang='lat'>3.</span> <span class='ocrx_word' id='word_1_354' title='bbox 641 2761 671 2765; x_wconf 92' lang='lat'>—</span> <span class='ocrx_word' id='word_1_355' title='bbox 689 2749 699 2764; x_wconf 58' lang='grc' dir='ltr'><strong>ὅ</strong></span> <span class='ocrx_word' id='word_1_356' title='bbox 714 2747 805 2777; x_wconf 53' lang='lat' dir='ltr'>Erum,</span> <span class='ocrx_word' id='word_1_357' title='bbox 822 2753 933 2778; x_wconf 75' lang='lat' dir='ltr'>xxxxui,</span> <span class='ocrx_word' id='word_1_358' title='bbox 949 2750 972 2772; x_wconf 72' lang='lat'>8.</span> <span class='ocrx_word' id='word_1_359' title='bbox 989 2762 1018 2767; x_wconf 80' lang='lat'>-</span> 
     </span>
    </p>
   </div>
   <div class='ocr_carea' id='block_1_8' title="bbox 714 244 1282 304">
    <p class='ocr_par' dir='ltr' id='par_1_10' title="bbox 714 244 1282 304">
     <span class='ocr_line' id='line_1_63' title="bbox 714 244 1282 304; baseline -0.004 0"><span class='ocrx_word' id='word_1_360' title='bbox 714 244 725 246; x_wconf 48' lang='lat'>⁷</span> <span class='ocrx_word' id='word_1_361' title='bbox 757 271 904 304; x_wconf 49' lang='grc' dir='ltr'>ΜΕΤΑ</span> <span class='ocrx_word' id='word_1_362' title='bbox 924 268 1092 303; x_wconf 72' lang='lat' dir='ltr'>SALU‘ns</span> <span class='ocrx_word' id='word_1_363' title='bbox 1113 269 1192 302; x_wconf 80' lang='lat' dir='ltr'>TIT.</span> <span class='ocrx_word' id='word_1_364' title='bbox 1215 269 1282 302; x_wconf 82' lang='lat' dir='ltr'>vn.</span> 
     </span>
    </p>
   </div>
   <div class='ocr_carea' id='block_1_9' title="bbox 1045 337 1848 2637">
    <p class='ocr_par' dir='ltr' id='par_1_11' title="bbox 1045 337 1833 1081">
     <span class='ocr_line' id='line_1_64' title="bbox 1045 337 1823 374; baseline 0 -8"><span class='ocrx_word' id='word_1_365' title='bbox 1045 338 1093 366; x_wconf 86' lang='lat' dir='ltr'>tur</span> <span class='ocrx_word' id='word_1_366' title='bbox 1107 338 1117 355; x_wconf 79' lang='lat'>⁸</span> <span class='ocrx_word' id='word_1_367' title='bbox 1133 346 1140 366; x_wconf 94' lang='lat'>:</span> <span class='ocrx_word' id='word_1_368' title='bbox 1155 338 1264 366; x_wconf 76' lang='lat' dir='ltr'>Lavabo</span> <span class='ocrx_word' id='word_1_369' title='bbox 1283 345 1332 374; x_wconf 80' lang='lat' dir='ltr'>per</span> <span class='ocrx_word' id='word_1_370' title='bbox 1354 338 1478 374; x_wconf 73' lang='lat' dir='ltr'>sinqutas</span> <span class='ocrx_word' id='word_1_371' title='bbox 1499 338 1588 366; x_wconf 76' lang='lat' dir='ltr'>noctes</span> <span class='ocrx_word' id='word_1_372' title='bbox 1605 337 1704 366; x_wconf 67' lang='lat' dir='ltr'>loom</span> <span class='ocrx_word' id='word_1_373' title='bbox 1716 345 1823 373; x_wconf 64' lang='lat' dir='ltr'>ammon,</span> 
     </span>
     <span class='ocr_line' id='line_1_65' title="bbox 1045 383 1827 421; baseline -0.003 -7"><span class='ocrx_word' id='word_1_374' title='bbox 1045 384 1157 414; x_wconf 88' lang='lat' dir='ltr'>scilicet</span> <span class='ocrx_word' id='word_1_375' title='bbox 1170 385 1367 414; x_wconf 82' lang='lat' dir='ltr'>eonscientiae.</span> <span class='ocrx_word' id='word_1_376' title='bbox 1384 386 1417 413; x_wconf 87' lang='lat' dir='ltr'>Et</span> <span class='ocrx_word' id='word_1_377' title='bbox 1429 386 1516 420; x_wconf 86' lang='lat' dir='ltr'>nota,</span> <span class='ocrx_word' id='word_1_378' title='bbox 1531 383 1617 421; x_wconf 86' lang='lat' dir='ltr'>quod</span> <span class='ocrx_word' id='word_1_379' title='bbox 1629 383 1775 421; x_wconf 74' lang='lat' dir='ltr'>lacryma,</span> <span class='ocrx_word' id='word_1_380' title='bbox 1785 383 1827 412; x_wconf 78' lang='lat' dir='ltr'>ad</span> 
     </span>
     <span class='ocr_line' id='line_1_66' title="bbox 1045 429 1826 469; baseline -0.001 -9"><span class='ocrx_word' id='word_1_381' title='bbox 1045 431 1104 461; x_wconf 84' lang='lat' dir='ltr'>hoe</span> <span class='ocrx_word' id='word_1_382' title='bbox 1115 432 1200 469; x_wconf 87' lang='lat' dir='ltr'>quod</span> <span class='ocrx_word' id='word_1_383' title='bbox 1214 440 1266 461; x_wconf 88' lang='lat' dir='ltr'>eor</span> <span class='ocrx_word' id='word_1_384' title='bbox 1284 432 1322 460; x_wconf 90' lang='lat' dir='ltr'>sit</span> <span class='ocrx_word' id='word_1_385' title='bbox 1339 431 1416 460; x_wconf 85' lang='lat' dir='ltr'>bene</span> <span class='ocrx_word' id='word_1_386' title='bbox 1434 431 1598 465; x_wconf 82' lang='lat' dir='ltr'>mundum,</span> <span class='ocrx_word' id='word_1_387' title='bbox 1613 430 1704 459; x_wconf 85' lang='lat' dir='ltr'>debet</span> <span class='ocrx_word' id='word_1_388' title='bbox 1714 429 1826 459; x_wconf 77' lang='lat' dir='ltr'>hahere</span> 
     </span>
     <span class='ocr_line' id='line_1_67' title="bbox 1045 477 1828 516; baseline -0.003 -9"><span class='ocrx_word' id='word_1_389' title='bbox 1045 479 1118 515; x_wconf 86' lang='lat' dir='ltr'>tria,</span> <span class='ocrx_word' id='word_1_390' title='bbox 1135 479 1245 507; x_wconf 85' lang='lat' dir='ltr'>scilieet</span> <span class='ocrx_word' id='word_1_391' title='bbox 1259 479 1342 516; x_wconf 88' lang='lat' dir='ltr'>quod</span> <span class='ocrx_word' id='word_1_392' title='bbox 1357 479 1448 508; x_wconf 87' lang='lat' dir='ltr'>debet</span> <span class='ocrx_word' id='word_1_393' title='bbox 1467 487 1530 507; x_wconf 86' lang='lat' dir='ltr'>esse</span> <span class='ocrx_word' id='word_1_394' title='bbox 1551 477 1651 507; x_wconf 79' lang='lat' dir='ltr'>calida</span> <span class='ocrx_word' id='word_1_395' title='bbox 1663 485 1718 514; x_wconf 85' lang='lat' dir='ltr'>per</span> <span class='ocrx_word' id='word_1_396' title='bbox 1736 477 1828 506; x_wconf 84' lang='lat' dir='ltr'>devo-</span> 
     </span>
     <span class='ocr_line' id='line_1_68' title="bbox 1045 525 1828 562; baseline -0.003 -8"><span class='ocrx_word' id='word_1_397' title='bbox 1045 526 1169 562; x_wconf 89' lang='lat' dir='ltr'>tionem,</span> <span class='ocrx_word' id='word_1_398' title='bbox 1184 534 1287 554; x_wconf 85' lang='lat' dir='ltr'>amara</span> <span class='ocrx_word' id='word_1_399' title='bbox 1298 534 1352 562; x_wconf 87' lang='lat' dir='ltr'>per</span> <span class='ocrx_word' id='word_1_400' title='bbox 1367 526 1585 560; x_wconf 84' lang='lat' dir='ltr'>contritionem,</span> <span class='ocrx_word' id='word_1_401' title='bbox 1601 526 1630 553; x_wconf 87' lang='lat' dir='ltr'>et</span> <span class='ocrx_word' id='word_1_402' title='bbox 1643 525 1761 554; x_wconf 79' lang='lat' dir='ltr'>cinerea</span> <span class='ocrx_word' id='word_1_403' title='bbox 1774 531 1828 560; x_wconf 85' lang='lat' dir='ltr'>per</span> 
     </span>
     <span class='ocr_line' id='line_1_69' title="bbox 1046 571 1828 608; baseline -0.005 -6"><span class='ocrx_word' id='word_1_404' title='bbox 1046 573 1150 602; x_wconf 87' lang='lat' dir='ltr'>mortis</span> <span class='ocrx_word' id='word_1_405' title='bbox 1169 573 1418 601; x_wconf 86' lang='lat' dir='ltr'>recordationem.</span> <span class='ocrx_word' id='word_1_406' title='bbox 1443 573 1523 601; x_wconf 89' lang='lat' dir='ltr'>Sicut</span> <span class='ocrx_word' id='word_1_407' title='bbox 1546 571 1626 600; x_wconf 89' lang='lat' dir='ltr'>enim</span> <span class='ocrx_word' id='word_1_408' title='bbox 1646 579 1726 608; x_wconf 86' lang='lat' dir='ltr'>aqua</span> <span class='ocrx_word' id='word_1_409' title='bbox 1747 572 1828 599; x_wconf 85' lang='lat' dir='ltr'>tran-</span> 
     </span>
     <span class='ocr_line' id='line_1_70' title="bbox 1046 618 1828 658; baseline -0.003 -9"><span class='ocrx_word' id='word_1_410' title='bbox 1046 621 1125 649; x_wconf 84' lang='lat' dir='ltr'>siens</span> <span class='ocrx_word' id='word_1_411' title='bbox 1138 629 1193 658; x_wconf 89' lang='lat' dir='ltr'>per</span> <span class='ocrx_word' id='word_1_412' title='bbox 1214 621 1344 655; x_wconf 79' lang='lat' dir='ltr'>eineres,</span> <span class='ocrx_word' id='word_1_413' title='bbox 1358 621 1428 649; x_wconf 79' lang='lat' dir='ltr'>facit</span> <span class='ocrx_word' id='word_1_414' title='bbox 1445 620 1583 649; x_wconf 79' lang='lat' dir='ltr'>lixivium</span> <span class='ocrx_word' id='word_1_415' title='bbox 1593 641 1603 654; x_wconf 92' lang='lat'>‚</span> <span class='ocrx_word' id='word_1_416' title='bbox 1619 618 1703 656; x_wconf 91' lang='lat' dir='ltr'>quod</span> <span class='ocrx_word' id='word_1_417' title='bbox 1716 618 1828 655; x_wconf 82' lang='lat' dir='ltr'>optime</span> 
     </span>
     <span class='ocr_line' id='line_1_71' title="bbox 1047 666 1830 703; baseline -0.003 -7"><span class='ocrx_word' id='word_1_418' title='bbox 1047 668 1182 696; x_wconf 89' lang='lat' dir='ltr'>sordium</span> <span class='ocrx_word' id='word_1_419' title='bbox 1197 670 1240 696; x_wconf 87' lang='lat' dir='ltr'>est</span> <span class='ocrx_word' id='word_1_420' title='bbox 1261 668 1488 702; x_wconf 73' lang='lat' dir='ltr'>mundativum:</span> <span class='ocrx_word' id='word_1_421' title='bbox 1504 667 1546 696; x_wconf 88' lang='lat' dir='ltr'>sic</span> <span class='ocrx_word' id='word_1_422' title='bbox 1560 666 1626 695; x_wconf 90' lang='lat' dir='ltr'>talis</span> <span class='ocrx_word' id='word_1_423' title='bbox 1641 666 1775 703; x_wconf 87' lang='lat' dir='ltr'>lacryma</span> <span class='ocrx_word' id='word_1_424' title='bbox 1786 666 1830 694; x_wconf 79' lang='lat' dir='ltr'>est</span> 
     </span>
     <span class='ocr_line' id='line_1_72' title="bbox 1047 713 1830 749; baseline -0.003 -6"><span class='ocrx_word' id='word_1_425' title='bbox 1047 715 1146 743; x_wconf 73' lang='lat' dir='ltr'>cordis</span> <span class='ocrx_word' id='word_1_426' title='bbox 1166 715 1352 744; x_wconf 84' lang='lat' dir='ltr'>mundativa.</span> <span class='ocrx_word' id='word_1_427' title='bbox 1376 715 1471 744; x_wconf 88' lang='lat' dir='ltr'>Tertio</span> <span class='ocrx_word' id='word_1_428' title='bbox 1490 714 1525 743; x_wconf 87' lang='lat' dir='ltr'>fit</span> <span class='ocrx_word' id='word_1_429' title='bbox 1539 722 1591 743; x_wconf 87' lang='lat' dir='ltr'>cor</span> <span class='ocrx_word' id='word_1_430' title='bbox 1610 713 1758 742; x_wconf 90' lang='lat' dir='ltr'>mundum</span> <span class='ocrx_word' id='word_1_431' title='bbox 1771 715 1830 749; x_wconf 66' lang='lat' dir='ltr'>{per</span> 
     </span>
     <span class='ocr_line' id='line_1_73' title="bbox 1047 760 1828 798; baseline -0.003 -8"><span class='ocrx_word' id='word_1_432' title='bbox 1047 762 1308 798; x_wconf 79' lang='lat' dir='ltr'>eleemosynarum</span> <span class='ocrx_word' id='word_1_433' title='bbox 1332 762 1538 798; x_wconf 82' lang='lat' dir='ltr'>largitionem,</span> <span class='ocrx_word' id='word_1_434' title='bbox 1565 761 1636 798; x_wconf 89' lang='lat' dir='ltr'>quia</span> <span class='ocrx_word' id='word_1_435' title='bbox 1661 760 1768 790; x_wconf 87' lang='lat' dir='ltr'>dicitur</span> <span class='ocrx_word' id='word_1_436' title='bbox 1788 761 1799 778; x_wconf 85' lang='lat'>⁷</span> <span class='ocrx_word' id='word_1_437' title='bbox 1821 769 1828 788; x_wconf 90' lang='lat'>:</span> 
     </span>
     <span class='ocr_line' id='line_1_74' title="bbox 1047 808 1828 846; baseline -0.004 -8"><span class='ocrx_word' id='word_1_438' title='bbox 1047 812 1117 838; x_wconf 84' lang='lat' dir='ltr'>Date</span> <span class='ocrx_word' id='word_1_439' title='bbox 1131 811 1337 845; x_wconf 76' lang='lat' dir='ltr'>eleemosynam,</span> <span class='ocrx_word' id='word_1_440' title='bbox 1353 812 1378 838; x_wconf 83' lang='lat' dir='ltr'>et</span> <span class='ocrx_word' id='word_1_441' title='bbox 1389 818 1446 838; x_wconf 81' lang='lat' dir='ltr'>ecce</span> <span class='ocrx_word' id='word_1_442' title='bbox 1455 811 1547 846; x_wconf 72' lang='lat' dir='ltr'>omnio</span> <span class='ocrx_word' id='word_1_443' title='bbox 1559 809 1660 837; x_wconf 78' lang='lat' dir='ltr'>munda</span> <span class='ocrx_word' id='word_1_444' title='bbox 1673 811 1735 837; x_wconf 83' lang='lat' dir='ltr'>sunt</span> <span class='ocrx_word' id='word_1_445' title='bbox 1743 808 1828 836; x_wconf 79' lang='lat' dir='ltr'>vobis.</span> 
     </span>
     <span class='ocr_line' id='line_1_75' title="bbox 1047 855 1832 893; baseline -0.001 -8"><span class='ocrx_word' id='word_1_446' title='bbox 1047 857 1188 885; x_wconf 73' lang='lat' dir='ltr'>Videmus</span> <span class='ocrx_word' id='word_1_447' title='bbox 1211 857 1303 891; x_wconf 86' lang='lat' dir='ltr'>enim,</span> <span class='ocrx_word' id='word_1_448' title='bbox 1327 856 1411 893; x_wconf 88' lang='lat' dir='ltr'>quod</span> <span class='ocrx_word' id='word_1_449' title='bbox 1434 856 1474 884; x_wconf 88' lang='lat' dir='ltr'>ad</span> <span class='ocrx_word' id='word_1_450' title='bbox 1499 855 1667 884; x_wconf 84' lang='lat' dir='ltr'>sanandum</span> <span class='ocrx_word' id='word_1_451' title='bbox 1692 855 1742 884; x_wconf 84' lang='lat' dir='ltr'>vel</span> <span class='ocrx_word' id='word_1_452' title='bbox 1760 863 1832 892; x_wconf 87' lang='lat' dir='ltr'>pur-</span> 
     </span>
     <span class='ocr_line' id='line_1_76' title="bbox 1049 902 1832 939; baseline -0.001 -8"><span class='ocrx_word' id='word_1_453' title='bbox 1049 903 1182 939; x_wconf 69' lang='lat' dir='ltr'>gandum</span> <span class='ocrx_word' id='word_1_454' title='bbox 1205 904 1329 938; x_wconf 87' lang='lat' dir='ltr'>vulnus,</span> <span class='ocrx_word' id='word_1_455' title='bbox 1345 911 1406 932; x_wconf 91' lang='lat' dir='ltr'>non</span> <span class='ocrx_word' id='word_1_456' title='bbox 1420 903 1519 931; x_wconf 88' lang='lat' dir='ltr'>solum</span> <span class='ocrx_word' id='word_1_457' title='bbox 1539 902 1720 931; x_wconf 84' lang='lat' dir='ltr'>adhibentur</span> <span class='ocrx_word' id='word_1_458' title='bbox 1734 903 1832 930; x_wconf 80' lang='lat' dir='ltr'>caute-</span> 
     </span>
     <span class='ocr_line' id='line_1_77' title="bbox 1047 949 1833 988; baseline -0.001 -10"><span class='ocrx_word' id='word_1_459' title='bbox 1047 951 1110 985; x_wconf 86' lang='lat' dir='ltr'>ria,</span> <span class='ocrx_word' id='word_1_460' title='bbox 1133 951 1194 978; x_wconf 92' lang='lat' dir='ltr'>imo</span> <span class='ocrx_word' id='word_1_461' title='bbox 1212 952 1405 988; x_wconf 84' lang='lat' dir='ltr'>apponuntur</span> <span class='ocrx_word' id='word_1_462' title='bbox 1420 950 1591 986; x_wconf 87' lang='lat' dir='ltr'>emplastra.</span> <span class='ocrx_word' id='word_1_463' title='bbox 1607 949 1776 978; x_wconf 85' lang='lat' dir='ltr'>Cauterium</span> <span class='ocrx_word' id='word_1_464' title='bbox 1790 951 1833 977; x_wconf 83' lang='lat' dir='ltr'>est</span> 
     </span>
     <span class='ocr_line' id='line_1_78' title="bbox 1049 995 1831 1034; baseline -0.003 -8"><span class='ocrx_word' id='word_1_465' title='bbox 1049 998 1192 1026; x_wconf 86' lang='lat' dir='ltr'>correctio</span> <span class='ocrx_word' id='word_1_466' title='bbox 1217 998 1351 1034; x_wconf 70' lang='lat' dir='ltr'>Justitiae,</span> <span class='ocrx_word' id='word_1_467' title='bbox 1376 1001 1403 1026; x_wconf 84' lang='lat' dir='ltr'>et</span> <span class='ocrx_word' id='word_1_468' title='bbox 1427 997 1622 1034; x_wconf 82' lang='lat' dir='ltr'>emplastrum</span> <span class='ocrx_word' id='word_1_469' title='bbox 1647 998 1690 1025; x_wconf 87' lang='lat' dir='ltr'>cst</span> <span class='ocrx_word' id='word_1_470' title='bbox 1715 995 1831 1032; x_wconf 78' lang='lat' dir='ltr'>largitio</span> 
     </span>
     <span class='ocr_line' id='line_1_79' title="bbox 1049 1045 1256 1081; baseline -0.005 -8"><span class='ocrx_word' id='word_1_471' title='bbox 1049 1045 1256 1081; x_wconf 64' lang='lat' dir='ltr'>elcemosynae.</span> 
     </span>
    </p>

    <p class='ocr_par' dir='ltr' id='par_1_12' title="bbox 1050 1091 1848 2637">
     <span class='ocr_line' id='line_1_80' title="bbox 1086 1091 1833 1128; baseline -0.003 -7"><span class='ocrx_word' id='word_1_472' title='bbox 1086 1094 1156 1121; x_wconf 89' lang='lat' dir='ltr'>ttcm</span> <span class='ocrx_word' id='word_1_473' title='bbox 1171 1095 1252 1126; x_wconf 86' lang='lat' dir='ltr'>nota,</span> <span class='ocrx_word' id='word_1_474' title='bbox 1269 1091 1352 1128; x_wconf 92' lang='lat' dir='ltr'>quod</span> <span class='ocrx_word' id='word_1_475' title='bbox 1367 1094 1435 1120; x_wconf 88' lang='lat' dir='ltr'>sunt</span> <span class='ocrx_word' id='word_1_476' title='bbox 1448 1091 1507 1119; x_wconf 89' lang='lat' dir='ltr'>alia</span> <span class='ocrx_word' id='word_1_477' title='bbox 1523 1091 1586 1126; x_wconf 88' lang='lat' dir='ltr'>tria,</span> <span class='ocrx_word' id='word_1_478' title='bbox 1599 1100 1665 1128; x_wconf 84' lang='lat' dir='ltr'>quoe</span> <span class='ocrx_word' id='word_1_479' title='bbox 1678 1091 1719 1119; x_wconf 91' lang='lat' dir='ltr'>ad</span> <span class='ocrx_word' id='word_1_480' title='bbox 1734 1091 1833 1119; x_wconf 88' lang='lat' dir='ltr'>cordis</span> 
     </span>
     <span class='ocr_line' id='line_1_81' title="bbox 1050 1138 1831 1175; baseline -0.001 -8"><span class='ocrx_word' id='word_1_481' title='bbox 1050 1139 1228 1168; x_wconf 84' lang='lat' dir='ltr'>munditiam</span> <span class='ocrx_word' id='word_1_482' title='bbox 1243 1139 1426 1174; x_wconf 86' lang='lat' dir='ltr'>disponunt,</span> <span class='ocrx_word' id='word_1_483' title='bbox 1442 1138 1474 1166; x_wconf 91' lang='lat' dir='ltr'>id</span> <span class='ocrx_word' id='word_1_484' title='bbox 1488 1141 1548 1172; x_wconf 88' lang='lat' dir='ltr'>cst,</span> <span class='ocrx_word' id='word_1_485' title='bbox 1565 1146 1658 1175; x_wconf 90' lang='lat' dir='ltr'>scopa</span> <span class='ocrx_word' id='word_1_486' title='bbox 1672 1138 1831 1166; x_wconf 83' lang='lat' dir='ltr'>consessio-</span> 
     </span>
     <span class='ocr_line' id='line_1_82' title="bbox 1050 1185 1831 1221; baseline -0.001 -7"><span class='ocrx_word' id='word_1_487' title='bbox 1050 1187 1115 1221; x_wconf 84' lang='lat' dir='ltr'>nis,</span> <span class='ocrx_word' id='word_1_488' title='bbox 1139 1186 1212 1214; x_wconf 89' lang='lat' dir='ltr'>lima</span> <span class='ocrx_word' id='word_1_489' title='bbox 1239 1185 1448 1220; x_wconf 86' lang='lat' dir='ltr'>correctionis,</span> <span class='ocrx_word' id='word_1_490' title='bbox 1472 1188 1500 1214; x_wconf 87' lang='lat' dir='ltr'>et</span> <span class='ocrx_word' id='word_1_491' title='bbox 1524 1185 1630 1213; x_wconf 76' lang='lat' dir='ltr'>fornax</span> <span class='ocrx_word' id='word_1_492' title='bbox 1658 1185 1831 1214; x_wconf 78' lang='lat' dir='ltr'>affectionis.</span> 
     </span>
     <span class='ocr_line' id='line_1_83' title="bbox 1053 1232 1835 1269; baseline -0.003 -7"><span class='ocrx_word' id='word_1_493' title='bbox 1053 1234 1149 1262; x_wconf 78' lang='lat' dir='ltr'>Primo</span> <span class='ocrx_word' id='word_1_494' title='bbox 1164 1233 1253 1269; x_wconf 84' lang='lat' dir='ltr'>igitur</span> <span class='ocrx_word' id='word_1_495' title='bbox 1273 1233 1341 1261; x_wconf 79' lang='lat' dir='ltr'>tacit</span> <span class='ocrx_word' id='word_1_496' title='bbox 1355 1232 1533 1260; x_wconf 89' lang='lat' dir='ltr'>munditiam</span> <span class='ocrx_word' id='word_1_497' title='bbox 1549 1232 1648 1260; x_wconf 89' lang='lat' dir='ltr'>cordis</span> <span class='ocrx_word' id='word_1_498' title='bbox 1661 1240 1753 1268; x_wconf 80' lang='lat' dir='ltr'>scopa</span> <span class='ocrx_word' id='word_1_499' title='bbox 1765 1239 1835 1260; x_wconf 89' lang='lat' dir='ltr'>con-</span> 
     </span>
     <span class='ocr_line' id='line_1_84' title="bbox 1051 1278 1835 1316; baseline -0.003 -8"><span class='ocrx_word' id='word_1_500' title='bbox 1051 1281 1201 1315; x_wconf 83' lang='lat' dir='ltr'>sessionis,</span> <span class='ocrx_word' id='word_1_501' title='bbox 1218 1280 1317 1315; x_wconf 80' lang='lat' dir='ltr'>idest,</span> <span class='ocrx_word' id='word_1_502' title='bbox 1334 1280 1503 1316; x_wconf 82' lang='lat' dir='ltr'>frequenter</span> <span class='ocrx_word' id='word_1_503' title='bbox 1522 1278 1650 1314; x_wconf 89' lang='lat' dir='ltr'>conteri,</span> <span class='ocrx_word' id='word_1_504' title='bbox 1670 1278 1741 1315; x_wconf 84' lang='lat' dir='ltr'>quia</span> <span class='ocrx_word' id='word_1_505' title='bbox 1762 1278 1835 1306; x_wconf 89' lang='lat' dir='ltr'>dici-</span> 
     </span>
     <span class='ocr_line' id='line_1_85' title="bbox 1052 1326 1835 1362; baseline -0.001 -6"><span class='ocrx_word' id='word_1_506' title='bbox 1052 1330 1098 1356; x_wconf 84' lang='lat' dir='ltr'>tur</span> <span class='ocrx_word' id='word_1_507' title='bbox 1113 1330 1141 1355; x_wconf 72' lang='lat'>⁸:</span> <span class='ocrx_word' id='word_1_508' title='bbox 1166 1329 1272 1355; x_wconf 67' lang='lat' dir='ltr'>Latere</span> <span class='ocrx_word' id='word_1_509' title='bbox 1291 1328 1389 1362; x_wconf 81' lang='lat' dir='ltr'>septies</span> <span class='ocrx_word' id='word_1_510' title='bbox 1402 1328 1431 1354; x_wconf 83' lang='lat' dir='ltr'>in</span> <span class='ocrx_word' id='word_1_511' title='bbox 1450 1326 1578 1354; x_wconf 77' lang='lat' dir='ltr'>Iordane.</span> <span class='ocrx_word' id='word_1_512' title='bbox 1595 1327 1721 1354; x_wconf 86' lang='lat' dir='ltr'>Lavatur</span> <span class='ocrx_word' id='word_1_513' title='bbox 1735 1328 1835 1355; x_wconf 82' lang='lat' dir='ltr'>autem</span> 
     </span>
     <span class='ocr_line' id='line_1_86' title="bbox 1052 1373 1834 1412; baseline -0.001 -9"><span class='ocrx_word' id='word_1_514' title='bbox 1052 1376 1169 1412; x_wconf 79' lang='lat' dir='ltr'>septies,</span> <span class='ocrx_word' id='word_1_515' title='bbox 1185 1376 1236 1411; x_wconf 88' lang='lat' dir='ltr'>qui</span> <span class='ocrx_word' id='word_1_516' title='bbox 1253 1377 1366 1412; x_wconf 83' lang='lat' dir='ltr'>septem</span> <span class='ocrx_word' id='word_1_517' title='bbox 1378 1375 1449 1402; x_wconf 61' lang='lat' dir='ltr'>vitia</span> <span class='ocrx_word' id='word_1_518' title='bbox 1464 1374 1612 1409; x_wconf 87' lang='lat' dir='ltr'>mortalia,</span> <span class='ocrx_word' id='word_1_519' title='bbox 1627 1374 1675 1402; x_wconf 84' lang='lat' dir='ltr'>vel</span> <span class='ocrx_word' id='word_1_520' title='bbox 1686 1373 1834 1410; x_wconf 83' lang='lat' dir='ltr'>capitalia,</span> 
     </span>
     <span class='ocr_line' id='line_1_87' title="bbox 1052 1420 1837 1458; baseline 0 -8"><span class='ocrx_word' id='word_1_521' title='bbox 1052 1422 1203 1450; x_wconf 88' lang='lat' dir='ltr'>humiliter</span> <span class='ocrx_word' id='word_1_522' title='bbox 1227 1422 1400 1456; x_wconf 85' lang='lat' dir='ltr'>confitetur,</span> <span class='ocrx_word' id='word_1_523' title='bbox 1417 1422 1488 1458; x_wconf 89' lang='lat' dir='ltr'>quia</span> <span class='ocrx_word' id='word_1_524' title='bbox 1509 1424 1577 1449; x_wconf 87' lang='lat' dir='ltr'>tunc</span> <span class='ocrx_word' id='word_1_525' title='bbox 1603 1429 1654 1449; x_wconf 92' lang='lat' dir='ltr'>cor</span> <span class='ocrx_word' id='word_1_526' title='bbox 1675 1420 1837 1450; x_wconf 79' lang='lat' dir='ltr'>mundatur</span> 
     </span>
     <span class='ocr_line' id='line_1_88' title="bbox 1054 1468 1837 1499; baseline -0.004 -1"><span class='ocrx_word' id='word_1_527' title='bbox 1054 1473 1081 1499; x_wconf 87' lang='lat' dir='ltr'>ct</span> <span class='ocrx_word' id='word_1_528' title='bbox 1096 1470 1303 1498; x_wconf 79' lang='lat' dir='ltr'>sanctificatur.</span> <span class='ocrx_word' id='word_1_529' title='bbox 1326 1471 1398 1497; x_wconf 71' lang='lat' dir='ltr'>Nam</span> <span class='ocrx_word' id='word_1_530' title='bbox 1414 1469 1520 1497; x_wconf 85' lang='lat' dir='ltr'>dicitur</span> <span class='ocrx_word' id='word_1_531' title='bbox 1539 1469 1548 1485; x_wconf 76' lang='lat'><strong>⁹</strong></span> <span class='ocrx_word' id='word_1_532' title='bbox 1566 1477 1572 1496; x_wconf 89' lang='lat'>:</span> <span class='ocrx_word' id='word_1_533' title='bbox 1590 1469 1673 1496; x_wconf 81' lang='lat' dir='ltr'>Facta</span> <span class='ocrx_word' id='word_1_534' title='bbox 1685 1471 1724 1496; x_wconf 77' lang='lat' dir='ltr'>est</span> <span class='ocrx_word' id='word_1_535' title='bbox 1742 1468 1837 1496; x_wconf 80' lang='lat' dir='ltr'>sudoea</span> 
     </span>
     <span class='ocr_line' id='line_1_89' title="bbox 1053 1516 1836 1552; baseline -0.003 -8"><span class='ocrx_word' id='word_1_536' title='bbox 1053 1519 1232 1552; x_wconf 68' lang='lat' dir='ltr'>suncti&#39;firate&#39;o</span> <span class='ocrx_word' id='word_1_537' title='bbox 1247 1517 1314 1551; x_wconf 71' lang='lat' dir='ltr'>ejus.</span> <span class='ocrx_word' id='word_1_538' title='bbox 1336 1516 1437 1544; x_wconf 63' lang='lat' dir='ltr'>,iudana</span> <span class='ocrx_word' id='word_1_539' title='bbox 1461 1516 1668 1552; x_wconf 87' lang='lat' dir='ltr'>interpretatur</span> <span class='ocrx_word' id='word_1_540' title='bbox 1687 1516 1836 1549; x_wconf 76' lang='lat' dir='ltr'>confessio,-</span> 
     </span>
     <span class='ocr_line' id='line_1_90' title="bbox 1055 1561 1837 1600; baseline -0.003 -8"><span class='ocrx_word' id='word_1_541' title='bbox 1055 1564 1119 1600; x_wconf 86' lang='lat' dir='ltr'>ipsa</span> <span class='ocrx_word' id='word_1_542' title='bbox 1134 1564 1213 1592; x_wconf 88' lang='lat' dir='ltr'>enim</span> <span class='ocrx_word' id='word_1_543' title='bbox 1232 1566 1275 1592; x_wconf 72' lang='lat' dir='ltr'>est</span> <span class='ocrx_word' id='word_1_544' title='bbox 1293 1563 1391 1591; x_wconf 80' lang='lat' dir='ltr'>cordis</span> <span class='ocrx_word' id='word_1_545' title='bbox 1404 1563 1606 1591; x_wconf 78' lang='lat' dir='ltr'>sanctificatio.</span> <span class='ocrx_word' id='word_1_546' title='bbox 1624 1564 1656 1590; x_wconf 87' lang='lat' dir='ltr'>Et</span> <span class='ocrx_word' id='word_1_547' title='bbox 1669 1565 1740 1590; x_wconf 90' lang='lat' dir='ltr'>nota</span> <span class='ocrx_word' id='word_1_548' title='bbox 1753 1561 1837 1598; x_wconf 85' lang='lat' dir='ltr'>quod</span> 
     </span>
     <span class='ocr_line' id='line_1_91' title="bbox 1056 1610 1838 1647; baseline -0.001 -8"><span class='ocrx_word' id='word_1_549' title='bbox 1056 1612 1084 1640; x_wconf 88' lang='lat' dir='ltr'>in</span> <span class='ocrx_word' id='word_1_550' title='bbox 1101 1620 1185 1640; x_wconf 82' lang='lat' dir='ltr'>sacro</span> <span class='ocrx_word' id='word_1_551' title='bbox 1197 1611 1318 1647; x_wconf 71' lang='lat' dir='ltr'>cloquio</span> <span class='ocrx_word' id='word_1_552' title='bbox 1330 1611 1417 1638; x_wconf 74' lang='lat' dir='ltr'>valde</span> <span class='ocrx_word' id='word_1_553' title='bbox 1429 1620 1505 1647; x_wconf 80' lang='lat' dir='ltr'>saepe</span> <span class='ocrx_word' id='word_1_554' title='bbox 1517 1610 1690 1646; x_wconf 78' lang='lat' dir='ltr'>adjungitur</span> <span class='ocrx_word' id='word_1_555' title='bbox 1705 1610 1796 1638; x_wconf 86' lang='lat' dir='ltr'>decor</span> <span class='ocrx_word' id='word_1_556' title='bbox 1809 1611 1838 1638; x_wconf 81' lang='lat' dir='ltr'>et</span> 
     </span>
     <span class='ocr_line' id='line_1_92' title="bbox 1056 1656 1838 1695; baseline 0 -10"><span class='ocrx_word' id='word_1_557' title='bbox 1056 1659 1266 1695; x_wconf 81' lang='lat' dir='ltr'>pulchritudo3</span> <span class='ocrx_word' id='word_1_558' title='bbox 1292 1661 1320 1686; x_wconf 86' lang='lat' dir='ltr'>ct</span> <span class='ocrx_word' id='word_1_559' title='bbox 1343 1658 1372 1686; x_wconf 90' lang='lat' dir='ltr'>in</span> <span class='ocrx_word' id='word_1_560' title='bbox 1398 1659 1494 1693; x_wconf 77' lang='lat' dir='ltr'>ligura</span> <span class='ocrx_word' id='word_1_561' title='bbox 1514 1658 1613 1692; x_wconf 86' lang='lat' dir='ltr'>hujus,</span> <span class='ocrx_word' id='word_1_562' title='bbox 1641 1656 1725 1693; x_wconf 91' lang='lat' dir='ltr'>quod</span> <span class='ocrx_word' id='word_1_563' title='bbox 1747 1664 1838 1693; x_wconf 78' lang='lat' dir='ltr'>scopa</span> 
     </span>
     <span class='ocr_line' id='line_1_93' title="bbox 1057 1704 1838 1740; baseline -0.001 -7"><span class='ocrx_word' id='word_1_564' title='bbox 1057 1707 1277 1734; x_wconf 80' lang='lat' dir='ltr'>confessionum</span> <span class='ocrx_word' id='word_1_565' title='bbox 1302 1714 1417 1733; x_wconf 74' lang='lat' dir='ltr'>summe</span> <span class='ocrx_word' id='word_1_566' title='bbox 1442 1705 1573 1740; x_wconf 74' lang='lat' dir='ltr'>disponit</span> <span class='ocrx_word' id='word_1_567' title='bbox 1598 1704 1637 1732; x_wconf 91' lang='lat' dir='ltr'>ad</span> <span class='ocrx_word' id='word_1_568' title='bbox 1661 1704 1838 1732; x_wconf 85' lang='lat' dir='ltr'>munditiam</span> 
     </span>
     <span class='ocr_line' id='line_1_94' title="bbox 1057 1751 1837 1787; baseline -0.004 -7"><span class='ocrx_word' id='word_1_569' title='bbox 1057 1753 1169 1787; x_wconf 74' lang='lat' dir='ltr'>cordis,</span> <span class='ocrx_word' id='word_1_570' title='bbox 1187 1753 1294 1779; x_wconf 75' lang='lat' dir='ltr'>dicitur</span> <span class='ocrx_word' id='word_1_571' title='bbox 1311 1753 1331 1769; x_wconf 76' lang='lat'>&#39;⁰</span> <span class='ocrx_word' id='word_1_572' title='bbox 1349 1761 1354 1779; x_wconf 95' lang='lat'>:</span> <span class='ocrx_word' id='word_1_573' title='bbox 1375 1753 1575 1785; x_wconf 71' lang='lat' dir='ltr'>Confessioncm</span> <span class='ocrx_word' id='word_1_574' title='bbox 1600 1754 1623 1778; x_wconf 81' lang='lat' dir='ltr'>et</span> <span class='ocrx_word' id='word_1_575' title='bbox 1648 1751 1765 1779; x_wconf 70' lang='lat' dir='ltr'>decorem</span> <span class='ocrx_word' id='word_1_576' title='bbox 1792 1752 1837 1778; x_wconf 79' lang='lat' dir='ltr'>in-</span> 
     </span>
     <span class='ocr_line' id='line_1_95' title="bbox 1058 1797 1840 1833; baseline -0.001 -7"><span class='ocrx_word' id='word_1_577' title='bbox 1058 1800 1164 1832; x_wconf 65' lang='lat' dir='ltr'>‹Iuisli&#39;3</span> <span class='ocrx_word' id='word_1_578' title='bbox 1180 1802 1207 1826; x_wconf 79' lang='lat' dir='ltr'>et</span> <span class='ocrx_word' id='word_1_579' title='bbox 1226 1799 1332 1826; x_wconf 81' lang='lat' dir='ltr'>iterum</span> <span class='ocrx_word' id='word_1_580' title='bbox 1354 1803 1370 1817; x_wconf 86' lang='lat'>¹¹</span> <span class='ocrx_word' id='word_1_581' title='bbox 1390 1808 1396 1826; x_wconf 71' lang='grc' dir='ltr'>ι</span> <span class='ocrx_word' id='word_1_582' title='bbox 1415 1799 1550 1832; x_wconf 76' lang='lat' dir='ltr'>Confessio</span> <span class='ocrx_word' id='word_1_583' title='bbox 1570 1800 1595 1824; x_wconf 79' lang='lat' dir='ltr'>et</span> <span class='ocrx_word' id='word_1_584' title='bbox 1612 1797 1788 1833; x_wconf 70' lang='lat' dir='ltr'>pulchritudo</span> <span class='ocrx_word' id='word_1_585' title='bbox 1810 1799 1840 1825; x_wconf 78' lang='lat' dir='ltr'>in</span> 
     </span>
     <span class='ocr_line' id='line_1_96' title="bbox 1058 1843 1839 1881; baseline -0.003 -8"><span class='ocrx_word' id='word_1_586' title='bbox 1058 1849 1199 1881; x_wconf 66' lang='lat' dir='ltr'>conspectu.</span> <span class='ocrx_word' id='word_1_587' title='bbox 1217 1846 1290 1880; x_wconf 68' lang='lat' dir='ltr'>(jus.</span> <span class='ocrx_word' id='word_1_588' title='bbox 1307 1848 1334 1873; x_wconf 83' lang='lat' dir='ltr'>et</span> <span class='ocrx_word' id='word_1_589' title='bbox 1349 1845 1389 1873; x_wconf 81' lang='lat' dir='ltr'>sic</span> <span class='ocrx_word' id='word_1_590' title='bbox 1409 1845 1445 1872; x_wconf 86' lang='lat' dir='ltr'>de</span> <span class='ocrx_word' id='word_1_591' title='bbox 1468 1844 1542 1872; x_wconf 82' lang='lat' dir='ltr'>aliis.</span> <span class='ocrx_word' id='word_1_592' title='bbox 1559 1843 1695 1872; x_wconf 84' lang='lat' dir='ltr'>Secundo</span> <span class='ocrx_word' id='word_1_593' title='bbox 1711 1843 1839 1872; x_wconf 82' lang='lat' dir='ltr'>muttum</span> 
     </span>
     <span class='ocr_line' id='line_1_97' title="bbox 1060 1891 1837 1929; baseline -0.001 -9"><span class='ocrx_word' id='word_1_594' title='bbox 1060 1894 1191 1929; x_wconf 75' lang='lat' dir='ltr'>disponit</span> <span class='ocrx_word' id='word_1_595' title='bbox 1203 1893 1241 1921; x_wconf 84' lang='lat' dir='ltr'>ad</span> <span class='ocrx_word' id='word_1_596' title='bbox 1253 1893 1429 1920; x_wconf 87' lang='lat' dir='ltr'>munditiam</span> <span class='ocrx_word' id='word_1_597' title='bbox 1443 1892 1540 1920; x_wconf 85' lang='lat' dir='ltr'>cordis</span> <span class='ocrx_word' id='word_1_598' title='bbox 1552 1892 1624 1920; x_wconf 88' lang='lat' dir='ltr'>lima</span> <span class='ocrx_word' id='word_1_599' title='bbox 1635 1891 1837 1920; x_wconf 88' lang='lat' dir='ltr'>correctionis:</span> 
     </span>
     <span class='ocr_line' id='line_1_98' title="bbox 1061 1938 1842 1974; baseline -0.003 -6"><span class='ocrx_word' id='word_1_600' title='bbox 1061 1949 1130 1968; x_wconf 82' lang='lat' dir='ltr'>nam</span> <span class='ocrx_word' id='word_1_601' title='bbox 1146 1940 1219 1968; x_wconf 87' lang='lat' dir='ltr'>sicut</span> <span class='ocrx_word' id='word_1_602' title='bbox 1234 1940 1305 1967; x_wconf 84' lang='lat' dir='ltr'>lima</span> <span class='ocrx_word' id='word_1_603' title='bbox 1324 1939 1450 1967; x_wconf 86' lang='lat' dir='ltr'>mundat</span> <span class='ocrx_word' id='word_1_604' title='bbox 1468 1939 1578 1967; x_wconf 83' lang='lat' dir='ltr'>serrum</span> <span class='ocrx_word' id='word_1_605' title='bbox 1593 1947 1611 1967; x_wconf 92' lang='lat' dir='ltr'>a</span> <span class='ocrx_word' id='word_1_606' title='bbox 1626 1938 1764 1974; x_wconf 82' lang='lat' dir='ltr'>rubigine</span> <span class='ocrx_word' id='word_1_607' title='bbox 1775 1960 1784 1974; x_wconf 89' lang='lat'><em>‚</em></span> <span class='ocrx_word' id='word_1_608' title='bbox 1800 1938 1842 1966; x_wconf 86' lang='lat' dir='ltr'>sic</span> 
     </span>
     <span class='ocr_line' id='line_1_99' title="bbox 1061 1985 1842 2021; baseline -0.003 -6"><span class='ocrx_word' id='word_1_609' title='bbox 1061 1987 1205 2015; x_wconf 79' lang='lat' dir='ltr'>correctio</span> <span class='ocrx_word' id='word_1_610' title='bbox 1221 1995 1271 2015; x_wconf 91' lang='lat' dir='ltr'>cor</span> <span class='ocrx_word' id='word_1_611' title='bbox 1288 1996 1305 2014; x_wconf 88' lang='lat' dir='ltr'>a</span> <span class='ocrx_word' id='word_1_612' title='bbox 1320 1987 1398 2014; x_wconf 87' lang='lat' dir='ltr'>labe.</span> <span class='ocrx_word' id='word_1_613' title='bbox 1415 1986 1495 2013; x_wconf 75' lang='lat' dir='ltr'>L&#39;nde</span> <span class='ocrx_word' id='word_1_614' title='bbox 1511 1986 1550 2014; x_wconf 91' lang='lat' dir='ltr'>ait</span> <span class='ocrx_word' id='word_1_615' title='bbox 1564 1985 1721 2021; x_wconf 85' lang='lat' dir='ltr'>Gregorius</span> <span class='ocrx_word' id='word_1_616' title='bbox 1737 1995 1744 2013; x_wconf 86' lang='lat'>:</span> <span class='ocrx_word' id='word_1_617' title='bbox 1763 1996 1776 2011; x_wconf 76' lang='grc' dir='ltr'>α</span> <span class='ocrx_word' id='word_1_618' title='bbox 1792 1985 1842 2014; x_wconf 83' lang='lat' dir='ltr'>ille</span> 
     </span>
     <span class='ocr_line' id='line_1_100' title="bbox 1062 2033 1842 2071; baseline -0.004 -7"><span class='ocrx_word' id='word_1_619' title='bbox 1062 2037 1142 2064; x_wconf 77' lang='lat' dir='ltr'>sotus</span> <span class='ocrx_word' id='word_1_620' title='bbox 1168 2036 1281 2063; x_wconf 84' lang='lat' dir='ltr'>amicus</span> <span class='ocrx_word' id='word_1_621' title='bbox 1304 2036 1376 2069; x_wconf 83' lang='lat' dir='ltr'>erit,</span> <span class='ocrx_word' id='word_1_622' title='bbox 1400 2035 1451 2071; x_wconf 86' lang='lat' dir='ltr'>qui</span> <span class='ocrx_word' id='word_1_623' title='bbox 1479 2034 1509 2062; x_wconf 91' lang='lat' dir='ltr'>in</span> <span class='ocrx_word' id='word_1_624' title='bbox 1538 2034 1699 2062; x_wconf 84' lang='lat' dir='ltr'>adventum</span> <span class='ocrx_word' id='word_1_625' title='bbox 1720 2033 1842 2062; x_wconf 89' lang='lat' dir='ltr'>districti</span> 
     </span>
     <span class='ocr_line' id='line_1_101' title="bbox 1061 2080 1841 2119; baseline -0.004 -8"><span class='ocrx_word' id='word_1_626' title='bbox 1061 2084 1168 2119; x_wconf 83' lang='lat' dir='ltr'>judicis</span> <span class='ocrx_word' id='word_1_627' title='bbox 1180 2104 1188 2117; x_wconf 89' lang='lat'>,</span> <span class='ocrx_word' id='word_1_628' title='bbox 1204 2082 1338 2110; x_wconf 79' lang='lat' dir='ltr'>maculas</span> <span class='ocrx_word' id='word_1_629' title='bbox 1353 2090 1411 2109; x_wconf 83' lang='lat' dir='ltr'>suae</span> <span class='ocrx_word' id='word_1_630' title='bbox 1426 2081 1531 2109; x_wconf 87' lang='lat' dir='ltr'>mentis</span> <span class='ocrx_word' id='word_1_631' title='bbox 1547 2081 1641 2115; x_wconf 78' lang='lat' dir='ltr'>tergit.</span> <span class='ocrx_word' id='word_1_632' title='bbox 1659 2091 1671 2106; x_wconf 83' lang='lat'>»</span> <span class='ocrx_word' id='word_1_633' title='bbox 1689 2080 1745 2108; x_wconf 86' lang='lat' dir='ltr'>Sed</span> <span class='ocrx_word' id='word_1_634' title='bbox 1761 2081 1841 2115; x_wconf 87' lang='lat' dir='ltr'>nota,</span> 
     </span>
     <span class='ocr_line' id='line_1_102' title="bbox 1065 2127 1843 2167; baseline -0.005 -9"><span class='ocrx_word' id='word_1_635' title='bbox 1065 2132 1147 2167; x_wconf 86' lang='lat' dir='ltr'>quod</span> <span class='ocrx_word' id='word_1_636' title='bbox 1173 2130 1296 2166; x_wconf 91' lang='lat' dir='ltr'>quidam</span> <span class='ocrx_word' id='word_1_637' title='bbox 1320 2133 1387 2157; x_wconf 81' lang='lat' dir='ltr'>sunt</span> <span class='ocrx_word' id='word_1_638' title='bbox 1411 2129 1487 2157; x_wconf 88' lang='lat' dir='ltr'>adeo</span> <span class='ocrx_word' id='word_1_639' title='bbox 1517 2129 1633 2163; x_wconf 84' lang='lat' dir='ltr'>miseri,</span> <span class='ocrx_word' id='word_1_640' title='bbox 1658 2128 1741 2164; x_wconf 84' lang='lat' dir='ltr'>quod</span> <span class='ocrx_word' id='word_1_641' title='bbox 1762 2127 1843 2155; x_wconf 83' lang='lat' dir='ltr'>unde</span> 
     </span>
     <span class='ocr_line' id='line_1_103' title="bbox 1065 2173 1844 2211; baseline -0.005 -5"><span class='ocrx_word' id='word_1_642' title='bbox 1065 2179 1207 2206; x_wconf 85' lang='lat' dir='ltr'>deberent</span> <span class='ocrx_word' id='word_1_643' title='bbox 1220 2178 1368 2211; x_wconf 82' lang='lat' dir='ltr'>mundari,</span> <span class='ocrx_word' id='word_1_644' title='bbox 1385 2176 1585 2204; x_wconf 82' lang='lat' dir='ltr'>sordidantur.</span> <span class='ocrx_word' id='word_1_645' title='bbox 1604 2177 1641 2203; x_wconf 84' lang='lat' dir='ltr'>De</span> <span class='ocrx_word' id='word_1_646' title='bbox 1656 2174 1763 2203; x_wconf 85' lang='lat' dir='ltr'>talibus</span> <span class='ocrx_word' id='word_1_647' title='bbox 1774 2173 1844 2202; x_wconf 83' lang='lat' dir='ltr'>dici-</span> 
     </span>
     <span class='ocr_line' id='line_1_104' title="bbox 1067 2221 1843 2254; baseline -0.006 -1"><span class='ocrx_word' id='word_1_648' title='bbox 1067 2229 1113 2254; x_wconf 90' lang='lat' dir='ltr'>tur</span> <span class='ocrx_word' id='word_1_649' title='bbox 1131 2226 1149 2243; x_wconf 76' lang='lat'>¹²</span> <span class='ocrx_word' id='word_1_650' title='bbox 1166 2235 1172 2253; x_wconf 80' lang='lat' dir='ltr'><em>z</em></span> <span class='ocrx_word' id='word_1_651' title='bbox 1196 2226 1360 2253; x_wconf 71' lang='lat' dir='ltr'>Destruaeisti</span> <span class='ocrx_word' id='word_1_652' title='bbox 1380 2233 1437 2251; x_wconf 86' lang='lat' dir='ltr'>eum</span> <span class='ocrx_word' id='word_1_653' title='bbox 1457 2224 1489 2250; x_wconf 78' lang='lat' dir='ltr'>ab</span> <span class='ocrx_word' id='word_1_654' title='bbox 1512 2223 1708 2250; x_wconf 68' lang='lat' dir='ltr'>conflictatione.</span> <span class='ocrx_word' id='word_1_655' title='bbox 1732 2221 1843 2254; x_wconf 85' lang='lat' dir='ltr'>Tertio,</span> 
     </span>
     <span class='ocr_line' id='line_1_105' title="bbox 1067 2267 1841 2301; baseline -0.008 0"><span class='ocrx_word' id='word_1_656' title='bbox 1067 2273 1245 2301; x_wconf 80' lang='lat' dir='ltr'>munditiam</span> <span class='ocrx_word' id='word_1_657' title='bbox 1270 2271 1368 2299; x_wconf 69' lang='lat' dir='ltr'>cordis</span> <span class='ocrx_word' id='word_1_658' title='bbox 1389 2271 1457 2298; x_wconf 81' lang='lat' dir='ltr'>tacit</span> <span class='ocrx_word' id='word_1_659' title='bbox 1482 2270 1586 2297; x_wconf 82' lang='lat' dir='ltr'>fornax</span> <span class='ocrx_word' id='word_1_660' title='bbox 1612 2267 1810 2297; x_wconf 85' lang='lat' dir='ltr'>tribulationis</span> <span class='ocrx_word' id='word_1_661' title='bbox 1835 2275 1841 2294; x_wconf 77' lang='grc' dir='ltr'>ε</span> 
     </span>
     <span class='ocr_line' id='line_1_106' title="bbox 1067 2314 1844 2351; baseline -0.009 -3"><span class='ocrx_word' id='word_1_662' title='bbox 1067 2329 1136 2348; x_wconf 84' lang='lat' dir='ltr'>nam</span> <span class='ocrx_word' id='word_1_663' title='bbox 1164 2319 1238 2346; x_wconf 84' lang='lat' dir='ltr'>sieut</span> <span class='ocrx_word' id='word_1_664' title='bbox 1262 2319 1366 2345; x_wconf 76' lang='lat' dir='ltr'>fornax</span> <span class='ocrx_word' id='word_1_665' title='bbox 1391 2317 1489 2345; x_wconf 84' lang='lat' dir='ltr'>reddit</span> <span class='ocrx_word' id='word_1_666' title='bbox 1517 2324 1623 2344; x_wconf 85' lang='lat' dir='ltr'>aurum</span> <span class='ocrx_word' id='word_1_667' title='bbox 1650 2323 1759 2351; x_wconf 88' lang='lat' dir='ltr'>purum</span> <span class='ocrx_word' id='word_1_668' title='bbox 1770 2335 1778 2349; x_wconf 94' lang='lat'>,</span> <span class='ocrx_word' id='word_1_669' title='bbox 1803 2314 1844 2342; x_wconf 88' lang='lat' dir='ltr'>sic</span> 
     </span>
     <span class='ocr_line' id='line_1_107' title="bbox 1069 2362 1842 2398; baseline -0.008 -3"><span class='ocrx_word' id='word_1_670' title='bbox 1069 2366 1217 2395; x_wconf 81' lang='lat' dir='ltr'>tribulatio</span> <span class='ocrx_word' id='word_1_671' title='bbox 1232 2365 1300 2393; x_wconf 86' lang='lat' dir='ltr'>sacit</span> <span class='ocrx_word' id='word_1_672' title='bbox 1314 2365 1412 2392; x_wconf 83' lang='lat' dir='ltr'>cordis</span> <span class='ocrx_word' id='word_1_673' title='bbox 1427 2362 1790 2398; x_wconf 83' lang='lat' dir='ltr'>munditiam‚juxtaillud</span> <span class='ocrx_word' id='word_1_674' title='bbox 1804 2362 1842 2389; x_wconf 77' lang='lat'>¹³:</span> 
     </span>
     <span class='ocr_line' id='line_1_108' title="bbox 1070 2410 1846 2446; baseline -0.004 -4"><span class='ocrx_word' id='word_1_675' title='bbox 1070 2415 1192 2444; x_wconf 57' lang='lat' dir='ltr'>Prohustz‘</span> <span class='ocrx_word' id='word_1_676' title='bbox 1207 2421 1250 2440; x_wconf 83' lang='lat' dir='ltr'>cor</span> <span class='ocrx_word' id='word_1_677' title='bbox 1266 2421 1351 2439; x_wconf 70' lang='lat' dir='ltr'>vicum</span> <span class='ocrx_word' id='word_1_678' title='bbox 1367 2416 1461 2439; x_wconf 67' lang='lat' dir='ltr'>rccwn.</span> <span class='ocrx_word' id='word_1_679' title='bbox 1484 2411 1540 2438; x_wconf 78' lang='lat' dir='ltr'>sed</span> <span class='ocrx_word' id='word_1_680' title='bbox 1556 2413 1622 2438; x_wconf 85' lang='lat' dir='ltr'>sunt</span> <span class='ocrx_word' id='word_1_681' title='bbox 1637 2410 1778 2446; x_wconf 88' lang='lat' dir='ltr'>quidam,</span> <span class='ocrx_word' id='word_1_682' title='bbox 1794 2410 1846 2446; x_wconf 87' lang='lat' dir='ltr'>qui</span> 
     </span>
     <span class='ocr_line' id='line_1_109' title="bbox 1070 2458 1847 2496; baseline -0.006 -6"><span class='ocrx_word' id='word_1_683' title='bbox 1070 2463 1108 2490; x_wconf 89' lang='lat' dir='ltr'>ab</span> <span class='ocrx_word' id='word_1_684' title='bbox 1123 2462 1190 2496; x_wconf 77' lang='lat' dir='ltr'>igue</span> <span class='ocrx_word' id='word_1_685' title='bbox 1205 2460 1403 2487; x_wconf 72' lang='lat' dir='ltr'>tribulationis</span> <span class='ocrx_word' id='word_1_686' title='bbox 1417 2467 1477 2486; x_wconf 90' lang='lat' dir='ltr'>non</span> <span class='ocrx_word' id='word_1_687' title='bbox 1488 2458 1681 2492; x_wconf 86' lang='lat' dir='ltr'>mundantur,</span> <span class='ocrx_word' id='word_1_688' title='bbox 1692 2458 1745 2486; x_wconf 82' lang='lat' dir='ltr'>sed</span> <span class='ocrx_word' id='word_1_689' title='bbox 1757 2465 1847 2486; x_wconf 87' lang='lat' dir='ltr'>urun-</span> 
     </span>
     <span class='ocr_line' id='line_1_110' title="bbox 1069 2505 1848 2540; baseline -0.005 -4"><span class='ocrx_word' id='word_1_690' title='bbox 1069 2511 1116 2536; x_wconf 87' lang='lat' dir='ltr'>tur</span> <span class='ocrx_word' id='word_1_691' title='bbox 1140 2517 1145 2534; x_wconf 75' lang='grc' dir='ltr'>ε</span> <span class='ocrx_word' id='word_1_692' title='bbox 1169 2507 1240 2535; x_wconf 69' lang='lat' dir='ltr'>tales</span> <span class='ocrx_word' id='word_1_693' title='bbox 1262 2515 1322 2534; x_wconf 86' lang='lat' dir='ltr'>uon</span> <span class='ocrx_word' id='word_1_694' title='bbox 1344 2509 1411 2533; x_wconf 83' lang='lat' dir='ltr'>suut</span> <span class='ocrx_word' id='word_1_695' title='bbox 1434 2514 1554 2539; x_wconf 88' lang='lat' dir='ltr'>aurum,</span> <span class='ocrx_word' id='word_1_696' title='bbox 1571 2505 1623 2533; x_wconf 86' lang='lat' dir='ltr'>sed</span> <span class='ocrx_word' id='word_1_697' title='bbox 1645 2505 1760 2540; x_wconf 83' lang='lat' dir='ltr'>scoria;</span> <span class='ocrx_word' id='word_1_698' title='bbox 1786 2512 1848 2533; x_wconf 88' lang='lat' dir='ltr'>nou</span> 
     </span>
     <span class='ocr_line' id='line_1_111' title="bbox 1071 2552 1846 2590; baseline -0.005 -7"><span class='ocrx_word' id='word_1_699' title='bbox 1071 2563 1212 2590; x_wconf 75' lang='lat' dir='ltr'>granum,</span> <span class='ocrx_word' id='word_1_700' title='bbox 1228 2554 1279 2581; x_wconf 87' lang='lat' dir='ltr'>sed</span> <span class='ocrx_word' id='word_1_701' title='bbox 1300 2553 1401 2589; x_wconf 81' lang='lat' dir='ltr'>palea;</span> <span class='ocrx_word' id='word_1_702' title='bbox 1422 2561 1483 2580; x_wconf 92' lang='lat' dir='ltr'>non</span> <span class='ocrx_word' id='word_1_703' title='bbox 1505 2552 1625 2586; x_wconf 83' lang='lat' dir='ltr'>oleum,</span> <span class='ocrx_word' id='word_1_704' title='bbox 1641 2552 1692 2579; x_wconf 76' lang='lat' dir='ltr'>sed</span> <span class='ocrx_word' id='word_1_705' title='bbox 1715 2559 1846 2580; x_wconf 86' lang='lat' dir='ltr'>amurca.</span> 
     </span>
     <span class='ocr_line' id='line_1_112' title="bbox 1073 2598 1848 2637; baseline -0.004 -7"><span class='ocrx_word' id='word_1_706' title='bbox 1073 2602 1153 2631; x_wconf 83' lang='lat' dir='ltr'>Unde</span> <span class='ocrx_word' id='word_1_707' title='bbox 1174 2601 1300 2629; x_wconf 84' lang='lat' dir='ltr'>multum</span> <span class='ocrx_word' id='word_1_708' title='bbox 1316 2602 1438 2637; x_wconf 82' lang='lat' dir='ltr'>possunt</span> <span class='ocrx_word' id='word_1_709' title='bbox 1452 2599 1613 2627; x_wconf 81' lang='lat' dir='ltr'>formidare</span> <span class='ocrx_word' id='word_1_710' title='bbox 1632 2599 1669 2627; x_wconf 88' lang='lat' dir='ltr'>de</span> <span class='ocrx_word' id='word_1_711' title='bbox 1689 2599 1740 2627; x_wconf 88' lang='lat' dir='ltr'>illo</span> <span class='ocrx_word' id='word_1_712' title='bbox 1755 2598 1848 2627; x_wconf 75' lang='lat' dir='ltr'>verbo</span> 
     </span>
    </p>
   </div>
   <div class='ocr_carea' id='block_1_10' title="bbox 1073 2673 1850 2778">
    <p class='ocr_par' dir='ltr' id='par_1_13' title="bbox 1073 2673 1850 2778">
     <span class='ocr_line' id='line_1_113' title="bbox 1073 2673 1850 2707; baseline -0.006 -6"><span class='ocrx_word' id='word_1_713' title='bbox 1073 2678 1083 2694; x_wconf 78' lang='lat'>⁰</span> <span class='ocrx_word' id='word_1_714' title='bbox 1097 2676 1216 2707; x_wconf 76' lang='lat' dir='ltr'>Psal.v1,</span> <span class='ocrx_word' id='word_1_715' title='bbox 1231 2677 1254 2699; x_wconf 82' lang='lat'>7.</span> <span class='ocrx_word' id='word_1_716' title='bbox 1268 2689 1295 2694; x_wconf 85' lang='lat'>-</span> <span class='ocrx_word' id='word_1_717' title='bbox 1311 2676 1321 2692; x_wconf 87' lang='lat'>&#39;¹</span> <span class='ocrx_word' id='word_1_718' title='bbox 1336 2675 1403 2705; x_wconf 62' lang='lat' dir='ltr'>Luc„</span> <span class='ocrx_word' id='word_1_719' title='bbox 1419 2680 1455 2704; x_wconf 77' lang='lat' dir='ltr'>xi,</span> <span class='ocrx_word' id='word_1_720' title='bbox 1470 2675 1507 2698; x_wconf 72' lang='lat' dir='ltr'>lit.</span> <span class='ocrx_word' id='word_1_721' title='bbox 1524 2685 1555 2690; x_wconf 92' lang='lat'>—</span> <span class='ocrx_word' id='word_1_722' title='bbox 1572 2674 1580 2686; x_wconf 73' lang='lat'>‘¹</span> <span class='ocrx_word' id='word_1_723' title='bbox 1595 2673 1626 2697; x_wconf 92' lang='lat' dir='ltr'>tV</span> <span class='ocrx_word' id='word_1_724' title='bbox 1644 2673 1712 2704; x_wconf 70' lang='lat' dir='ltr'>neq„</span> <span class='ocrx_word' id='word_1_725' title='bbox 1727 2678 1752 2704; x_wconf 75' lang='lat' dir='ltr'>v,</span> <span class='ocrx_word' id='word_1_726' title='bbox 1768 2674 1806 2697; x_wconf 83' lang='lat' dir='ltr'>to.</span> <span class='ocrx_word' id='word_1_727' title='bbox 1819 2684 1850 2690; x_wconf 92' lang='lat'>—-</span> 
     </span>
     <span class='ocr_line' id='line_1_114' title="bbox 1073 2708 1849 2743; baseline -0.006 -6"><span class='ocrx_word' id='word_1_728' title='bbox 1073 2714 1083 2730; x_wconf 69' lang='lat'><strong>⁹</strong></span> <span class='ocrx_word' id='word_1_729' title='bbox 1097 2713 1161 2737; x_wconf 74' lang='lat' dir='ltr'>I&#39;sal.</span> <span class='ocrx_word' id='word_1_730' title='bbox 1180 2719 1259 2743; x_wconf 66' lang='lat' dir='ltr'>exui,</span> <span class='ocrx_word' id='word_1_731' title='bbox 1278 2714 1299 2735; x_wconf 72' lang='lat'>2.</span> <span class='ocrx_word' id='word_1_732' title='bbox 1316 2725 1345 2729; x_wconf 90' lang='lat'>-—</span> <span class='ocrx_word' id='word_1_733' title='bbox 1360 2713 1377 2726; x_wconf 73' lang='lat'>¹·</span> <span class='ocrx_word' id='word_1_734' title='bbox 1393 2710 1459 2734; x_wconf 61' lang='lat' dir='ltr'>Psnl.</span> <span class='ocrx_word' id='word_1_735' title='bbox 1476 2716 1536 2739; x_wconf 73' lang='lat' dir='ltr'>ctu,</span> <span class='ocrx_word' id='word_1_736' title='bbox 1554 2711 1575 2732; x_wconf 84' lang='lat' dir='ltr'>t.</span> <span class='ocrx_word' id='word_1_737' title='bbox 1589 2721 1618 2727; x_wconf 92' lang='lat'><em>-</em></span> <span class='ocrx_word' id='word_1_738' title='bbox 1636 2709 1653 2725; x_wconf 87' lang='lat'>¹¹</span> <span class='ocrx_word' id='word_1_739' title='bbox 1667 2708 1735 2733; x_wconf 79' lang='lat' dir='ltr'>Psul.</span> <span class='ocrx_word' id='word_1_740' title='bbox 1751 2714 1812 2739; x_wconf 55' lang='lat' dir='ltr'>xcxi,</span> <span class='ocrx_word' id='word_1_741' title='bbox 1824 2708 1849 2732; x_wconf 76' lang='lat'>6.</span> 
     </span>
     <span class='ocr_line' id='line_1_115' title="bbox 1077 2746 1704 2778; baseline -0.008 -4"><span class='ocrx_word' id='word_1_742' title='bbox 1077 2764 1101 2767; x_wconf 93' lang='lat'><em>-</em></span> <span class='ocrx_word' id='word_1_743' title='bbox 1118 2750 1139 2766; x_wconf 68' lang='lat'>¹2</span> <span class='ocrx_word' id='word_1_744' title='bbox 1151 2750 1219 2773; x_wconf 73' lang='lat' dir='ltr'>Psul.</span> <span class='ocrx_word' id='word_1_745' title='bbox 1238 2753 1365 2778; x_wconf 60' lang='lat' dir='ltr'>minui,</span> <span class='ocrx_word' id='word_1_746' title='bbox 1380 2749 1460 2771; x_wconf 77' lang='lat'>45.—</span> <span class='ocrx_word' id='word_1_747' title='bbox 1476 2746 1604 2775; x_wconf 75' lang='lat' dir='ltr'>¹³Jerenz.,</span> <span class='ocrx_word' id='word_1_748' title='bbox 1621 2751 1669 2776; x_wconf 88' lang='lat' dir='ltr'>xu,</span> <span class='ocrx_word' id='word_1_749' title='bbox 1681 2747 1704 2769; x_wconf 81' lang='lat'>3.</span> 
     </span>
    </p>
   </div>
   <div class='ocr_carea' id='block_1_11' title="bbox 1847 1100 1956 1249">
    <p class='ocr_par' dir='ltr' id='par_1_14' title="bbox 1847 1100 1956 1249">
     <span class='ocr_line' id='line_1_116' title="bbox 1847 1100 1955 1122; baseline -0.009 0"><span class='ocrx_word' id='word_1_750' title='bbox 1847 1100 1900 1122; x_wconf 71' lang='lat' dir='ltr'>Tri·</span> <span class='ocrx_word' id='word_1_751' title='bbox 1911 1100 1955 1122; x_wconf 72' lang='lat' dir='ltr'>dis-</span> 
     </span>
     <span class='ocr_line' id='line_1_117' title="bbox 1857 1134 1943 1160; baseline 0 -6"><span class='ocrx_word' id='word_1_752' title='bbox 1857 1134 1943 1160; x_wconf 76' lang='lat' dir='ltr'>ponunt</span> 
     </span>
     <span class='ocr_line' id='line_1_118' title="bbox 1848 1165 1956 1185; baseline 0 0"><span class='ocrx_word' id='word_1_753' title='bbox 1848 1165 1875 1185; x_wconf 75' lang='lat' dir='ltr'>ud</span> <span class='ocrx_word' id='word_1_754' title='bbox 1892 1170 1956 1185; x_wconf 82' lang='lat' dir='ltr'>mun-</span> 
     </span>
     <span class='ocr_line' id='line_1_119' title="bbox 1862 1196 1938 1217; baseline -0.013 0"><span class='ocrx_word' id='word_1_755' title='bbox 1862 1196 1938 1217; x_wconf 72' lang='lat' dir='ltr'>ditium</span> 
     </span>
     <span class='ocr_line' id='line_1_120' title="bbox 1862 1227 1942 1249; baseline -0.025 0"><span class='ocrx_word' id='word_1_756' title='bbox 1862 1227 1942 1249; x_wconf 73' lang='lat' dir='ltr'>cordia.</span> 
     </span>
    </p>
   </div>
  </div>
 </body>
</html>
