2004 3037
891 241 1024 275 CAPUT
1046 241 1120 274 CXI.

242 311 349 341 Haberi
372 312 470 349 potest
489 319 526 341 ex
539 312 655 342 Actibus
675 311 890 347 Apostolorum,
905 310 989 348 quod

205 358 313 388 Paulus
338 359 556 396 tribulationes,
583 367 636 389 seu
649 358 870 397 persecutiones
883 366 989 396 passus

205 407 248 434 est
278 409 347 443 post
369 407 596 436 conversionem
623 415 720 435 suam.
750 407 832 440 Act„
862 413 909 440 ix,
932 407 987 434 23:

207 454 399 483 «Consilium
425 454 557 483 fecerunt
593 454 703 490 ludaei,
728 454 761 481 ut
787 453 988 482 interficerent

204 508 284 530 eum.
302 511 315 528 o
332 502 412 530 Notae
427 503 526 530 autem
537 501 619 530 factae
634 503 701 530 sunt
711 500 803 529 Paulo
818 499 944 535 insidiae,
959 501 988 529 et

203 546 343 576 dimissus
354 550 396 577 est
411 548 443 576 in
458 550 561 585 sporta
572 556 625 585 per
640 556 772 576 murum.

238 595 319 630 Item,
335 604 404 623 cum
418 596 515 624 essent
529 595 560 623 in
576 595 732 624 Antiochia
746 594 862 622 Pisidiae
880 594 986 622 Paulus

201 644 230 670 et
249 643 409 678 Barnabas,
425 644 453 671 et
467 642 710 671 disseminaretur
722 642 850 670 verbum
866 642 916 670 Dei
933 649 987 678 per

199 689 372 718 universam
391 689 560 726 regionem,
585 690 677 718 Judaei
700 689 903 718 excitaverunt
921 696 987 725 per-

199 737 366 765 secutiones
381 737 411 765 in
426 745 488 772 cos,
505 739 532 765 et
547 737 631 773 ejecti
647 738 714 765 sunt
729 737 766 765 de
781 736 891 764 finibus
909 728 983 771 iilis3

199 785 229 813 at
244 784 298 820 illi,
314 793 439 813 excusso
452 785 575 822 pulvere
589 783 703 821 pedum
716 783 746 811 in
762 791 823 818 eos,
837 783 985 811 venerunt

200 832 344 860 Iconium.
361 833 436 868 Act„
451 841 515 861 xm.

236 881 268 908 ln
284 880 399 908 civitate
414 880 523 917 Lystris
536 881 659 917 propter
679 879 716 916 (a)
735 879 890 907 hominem
906 879 985 907 clau-

199 927 287 962 dum,
311 929 365 955 etc.
387 928 467 963 Act„
487 936 555 963 xw,
575 929 626 962 17,
647 928 692 955 18.
714 926 824 954 Deinde
844 926 875 954 in
895 926 985 954 Mace-

199 973 291 1002 donia
321 975 372 1011 (b),
399 975 556 1003 occasione
584 974 710 1011 puellae,
736 981 754 1002 a
782 982 842 1010 qua
876 973 984 1002 Paulus

198 1022 334 1058 spiritum
349 1023 514 1059 pythonem
529 1022 625 1058 ejecit,
639 1023 694 1050 etc.
710 1022 787 1057 Act„
802 1029 863 1049 XVI.

234 1071 376 1098 Praeterea
403 1070 486 1106 apud
510 1070 767 1104 Thessalonicam,
798 1078 869 1098 cum
896 1069 983 1098 multi

198 1117 410 1153 credidissent,
424 1117 552 1146 zelantes
571 1117 663 1145 Judaei
682 1117 906 1145 concitaverunt
930 1125 984 1153 per

198 1165 347 1201 quosdam
381 1165 478 1194 malos
506 1165 645 1193 homines
680 1165 838 1193 civitatem.
870 1167 983 1193 Fratres

197 1219 270 1240 vero
289 1212 444 1240 confestim
464 1221 518 1248 per
533 1215 652 1241 noctem
667 1213 843 1241 dimiserunt
857 1213 983 1241 Paulum

197 1261 226 1286 et
248 1259 338 1286 Silam
362 1259 393 1287 in
418 1261 571 1293 Beroeam,
591 1260 642 1288 ubi
670 1260 778 1295 etiam,
801 1268 870 1288 cum
896 1260 982 1288 multi

196 1305 323 1333 verbum
355 1306 405 1334 Dei
432 1306 519 1334 avide
545 1307 760 1342 suscepissent,
785 1306 896 1342 ludaei,
924 1307 982 1334 hoc

198 1353 336 1389 cognito,
352 1356 498 1382 venerunt
513 1353 585 1382 illuc
607 1356 831 1382 commoventes
846 1354 981 1382 multitu-

197 1400 299 1428 dinem
310 1421 319 1435 ,
336 1402 363 1429 et
378 1401 531 1429 turbantes
540 1411 549 1437 ς
572 1401 730 1437 statimque
752 1401 876 1429 Paulum
893 1401 982 1429 dimi-

194 1449 296 1475 serunt
309 1448 423 1484 fratres,
436 1450 465 1476 et
476 1457 530 1485 per
543 1457 626 1478 mare
638 1448 827 1477 deduxerunt
842 1448 979 1477 Athenas.

194 1495 272 1527 Act„
287 1503 358 1524 xvu.

230 1542 319 1577 Apud
352 1543 526 1572 Corinthum
560 1552 682 1580 quoque
715 1543 845 1572 instabat
873 1543 981 1572 Paulus

193 1589 351 1618 testificans
362 1590 471 1618 Judaeis
485 1590 630 1619 Christum
644 1592 753 1619 Jesum.
771 1590 982 1619 Contradicen-

192 1636 272 1664 tibus
301 1639 400 1665 autem
421 1637 495 1672 illis,
515 1640 542 1667 et
575 1638 867 1674 blasphemantibus,
896 1646 982 1666 excu-

192 1683 267 1711 tiens
291 1684 467 1713 vestimenta
490 1693 544 1713 sua
566 1685 639 1713 dixit
658 1685 697 1713 ad
726 1694 776 1714 eos
795 1695 802 1714 z
821 1695 833 1712 α
857 1685 981 1721 Sanguis

191 1732 287 1759 vester
319 1740 408 1768 super
436 1734 526 1768 caput
560 1735 704 1761 vestrum.
722 1744 735 1758 »
766 1733 900 1761 Gallione
926 1741 980 1760 au-

191 1779 251 1806 tem
282 1779 462 1807 Proconsule
495 1779 633 1814 Achaiae,
662 1779 887 1808 insurrexerunt
918 1787 980 1808 uno

192 1825 292 1853 animo
308 1825 402 1853 Judaei
426 1826 457 1853 in
477 1826 618 1862 Paulum,
644 1828 673 1855 et
695 1826 886 1855 adduxerunt
911 1835 980 1854 eum

194 1873 262 1900 ante
278 1872 409 1900 tribunal
426 1873 572 1902 dicentes:
590 1885 603 1900 ιι
614 1874 689 1908 Quia
703 1874 751 1902 hic
766 1875 859 1903 homo
876 1876 980 1903 contra

193 1919 293 1955 legem
307 1920 468 1956 persuadet
479 1921 653 1950 hominibus
667 1921 764 1950 colere
779 1922 883 1956 Deum,
895 1931 909 1948 »
923 1923 978 1951 etc.

193 1968 268 1999 Act..
285 1975 366 1996 xv111.

229 2016 376 2044 Existente
387 2016 480 2044 Paulo
493 2015 611 2052 Ephesi,
623 2015 838 2044 etfiducialiter
852 2015 979 2043 verbum

194 2064 244 2092 Dei
268 2063 422 2100 loquente,
444 2072 480 2092 ac
503 2063 597 2091 multa
623 2063 738 2091 ibidem
766 2063 911 2091 miracula
933 2063 978 2091 fa-

194 2111 304 2147 ciente,
331 2111 494 2139 Demetrius
518 2110 643 2147 quidam
664 2110 849 2146 argentarius
868 2110 979 2138 faciens

193 2158 272 2187 aedes
291 2160 447 2194 argenteas
470 2158 586 2193 Dianae,
607 2158 778 2186 convocatis
799 2157 978 2194 opificibus,

194 2206 352 2234 concitavit
361 2206 525 2234 maximam
537 2205 739 2234 turbationem
751 2205 894 2233 adversus
908 2207 979 2233 Pau-

193 2253 273 2288 lum,
297 2260 390 2289 quem
409 2253 528 2281 dicebat
549 2254 681 2281 avertere
705 2252 825 2280 turbam
853 2260 870 2280 a
898 2251 978 2279 cultu

194 2300 335 2335 deorum;
351 2300 386 2328 iis
401 2300 510 2328 auditis
520 2322 529 2336 ,
544 2300 650 2337 repleti
672 2300 741 2327 sunt
758 2299 801 2327 ira
813 2320 821 2334 ,
838 2300 866 2327 et
881 2298 977 2327 excla-

193 2349 350 2376 maverunt
371 2347 520 2375 dicentes:
546 2357 560 2373 «
587 2349 691 2383 Magna
717 2346 808 2375 Diana
836 2346 977 2382 Ephesio-

192 2403 271 2423 rum.
287 2406 302 2423 »
314 2395 391 2430 Act„
408 2403 467 2424 xix.

228 2442 319 2471 Paulo
333 2442 511 2478 navigaturo
529 2441 565 2470 dc
580 2442 690 2470 Graecia
705 2442 735 2469 in
751 2442 878 2477 Syriam,
894 2440 977 2468 factae

192 2491 260 2518 sunt
274 2490 301 2518 ei
320 2489 435 2518 insidive
457 2497 476 2517 a
498 2489 620 2525 Judaeis3
636 2488 743 2517 habuit
767 2487 924 2516 consilium
945 2489 978 2516 ut

191 2540 386 2566 reverteretur
412 2545 467 2573 per
494 2537 716 2572 Macedoniam3
746 2535 877 2564 comitati
908 2537 977 2563 sunt

192 2585 292 2612 autem
319 2593 388 2613 eum
414 2583 500 2613 multi
526 2583 630 2613 fratres
662 2583 699 2612 de
737 2583 862 2611 diversis
890 2582 974 2611 locis.

193 2632 267 2665 Act„
281 2640 329 2660 xx.

225 2694 260 2726 (a)
275 2695 335 2719 Coet.
350 2695 410 2720 edit.
425 2702 479 2727 per.
496 2709 526 2713 —
539 2694 573 2726 (b)
599 2694 789 2720 Macedoniani.
810 2707 839 2711 —-
864 2693 894 2724 (c)
912 2693 974 2717 [lem

193 2738 291 2762 parare.

1771 242 1828 272 621

1081 309 1210 345 Quidam
1222 310 1317 340 Judeei
1331 309 1449 345 Asiani,
1464 317 1534 338 cum
1549 308 1693 337 vidissent
1706 307 1832 337 Paulum

1044 356 1076 386 in
1091 357 1222 394 templo,
1239 357 1460 386 concitaverunt
1478 364 1600 385 omnem
1621 355 1788 393 populum,
1803 356 1832 383 et

1044 404 1209 440 injecerunt
1225 405 1251 433 ei
1267 413 1376 433 manus
1390 405 1570 434 clamantes:
1587 403 1668 432 «Viri
1684 402 1830 437 Israelitis,

1044 452 1195 488 adjuvate,
1211 463 1224 479 »
1242 454 1297 480 etc.
1310 453 1385 487 Act„
1401 461 1461 481 xx1.

1078 491 1314 528 vociferantibus
1337 499 1445 528 Judaeis
1472 499 1616 528 adversus
1639 498 1785 533 Paulum,
1802 498 1831 525 et

1042 546 1268 582 projicientibus
1283 546 1457 575 vestimenta
1469 554 1523 575 sua
1531 567 1540 582 ,
1556 548 1583 574 et
1597 545 1754 582 pulverem
1768 544 1830 580 Jac-

1041 593 1173 622 tantibus
1190 593 1222 622 in
1243 602 1361 628 aerem,
1378 594 1465 630 jussit
1486 593 1623 621 tribunus
1642 591 1745 620 induci
1761 599 1830 619 eum

1041 640 1072 669 in
1087 643 1192 677 castra,
1210 643 1238 669 et
1252 641 1377 677 flagellis
1393 641 1478 676 medi,
1495 642 1523 669 et
1537 639 1681 676 torqueri,
1697 641 1729 667 ut
1743 638 1830 666 sciret

1040 689 1163 724 propter
1177 696 1270 724 quam
1286 696 1409 716 causam
1426 688 1467 716 sic
1483 687 1683 716 acclamarent
1697 687 1734 714 ei.
1749 686 1826 720 Act„

1040 743 1115 763 xxn.

1077 783 1151 811 Cum
1166 784 1242 810 esset
1263 782 1371 810 Paulus
1386 790 1404 810 a
1423 781 1544 810 tribuno
1567 781 1719 817 detentus,
1734 782 1828 811 Judaei

996 846 1001 849 «
1039 829 1202 866 plusquam
1217 829 1420 865 quadraginta
1437 828 1578 857 dixerunt
1593 827 1721 865 principi
1735 836 1829 857 sacer-

1042 877 1148 905 dotum
1166 886 1173 905 :
1189 887 1203 904 ι(
1217 877 1377 906 Devotione
1394 877 1589 911 devovimus,
1601 884 1657 904 nos
1672 876 1747 904 nihil
1763 885 1829 912 gus-

1039 926 1169 959 taturos,
1193 924 1290 952 donec
1312 924 1486 952 occidamus
1501 923 1646 959 Paulum3
1661 931 1741 951 nunc
1757 931 1828 958 ergo

1039 970 1153 1000 faciatis
1165 992 1174 1005 ,
1202 973 1235 999 ut
1265 971 1433 1000 adducatur
1466 970 1506 1000 ad
1537 979 1610 1006 vos,
1627 979 1642 997 o
1671 971 1727 999 etc.
1751 971 1828 1006 Act„

1039 1027 1130 1054 xxm,
1148 1020 1193 1053 14,
1208 1020 1254 1047 15.

1075 1065 1206 1094 Existens
1230 1073 1332 1093 coram
1348 1065 1443 1093 Felice
1465 1064 1592 1101 praeside
1611 1065 1721 1093 Paulus
1739 1064 1827 1093 suita

1039 1113 1052 1140 J
1056 1113 1147 1141 ndaeis
1158 1115 1302 1150 tanquam
1315 1113 1473 1141 seditiosus
1484 1115 1511 1140 et
1522 1112 1643 1149 pestifer
1653 1114 1807 1140 accusatus
1819 1119 1826 1140 :

1040 1160 1091 1196 qui
1107 1168 1176 1188 cum
1191 1169 1260 1188 eum
1276 1161 1304 1188 et
1317 1159 1435 1188 Judaeos
1449 1159 1620 1196 frequenter
1635 1159 1783 1194 audisset,
1797 1160 1826 1186 et

1038 1209 1157 1244 tempus
1171 1207 1212 1235 ita
1226 1207 1392 1241 transisset,
1408 1207 1514 1235 habuit
1528 1207 1693 1243 quemdam
1707 1207 1825 1234 Festum

1038 1254 1160 1282 nomine
1169 1254 1490 1283 successoremNolens
1502 1256 1601 1282 autem
1610 1254 1690 1282 Felix
1699 1253 1825 1289 gratiam

1037 1303 1178 1337 praestare
1202 1302 1232 1337 (c)
1249 1301 1367 1335 ludaeis,
1386 1301 1508 1338 reliquit
1531 1301 1657 1329 Paulum
1679 1301 1824 1335 vinctum,

1038 1356 1057 1376 a
1071 1356 1132 1385 quo
1145 1349 1246 1384 judice
1267 1350 1349 1377 Festo
1365 1348 1473 1377 Paulus
1494 1348 1623 1377 sentiens
1638 1356 1670 1377 se
1686 1348 1823 1384 gravari,

1037 1396 1180 1424 Caesarem
1201 1396 1371 1432 appellavit.
1387 1397 1463 1431 Act„
1480 1404 1551 1424 xxv.

1074 1444 1176 1471 Postea
1192 1443 1298 1471 ductus
1310 1445 1436 1472 Romam
1453 1445 1557 1471 catena
1572 1443 1698 1474 vinctus,
1713 1445 1740 1470 et
1752 1443 1826 1470 tem—

1037 1498 1111 1526 pore
1133 1490 1256 1518 hiemali
1278 1491 1469 1526 naufragium
1493 1498 1618 1527 passus,
1640 1489 1750 1518 multas
1772 1491 1824 1517 tri-

1037 1537 1206 1566 bulationes
1221 1540 1249 1566 et
1271 1538 1423 1574 angustias
1447 1537 1594 1566 toleravit.
1610 1537 1685 1572 Act„
1702 1545 1781 1566 xxvn
1796 1538 1826 1565 et

1037 1592 1138 1613 xxvin.

1073 1632 1181 1660 Paulus
1196 1634 1225 1661 et
1239 1632 1387 1660 Barnabas
1412 1631 1610 1660 hortabantur
1624 1631 1728 1659 fratres
1738 1652 1748 1667 ‚
1768 1640 1781 1657 «
1792 1633 1825 1660 ut

1037 1682 1247 1716 permanerent
1260 1679 1291 1707 in
1310 1679 1388 1713 fide,
1403 1679 1549 1715 quoniam
1570 1686 1625 1715 per
1646 1678 1755 1706 multas
1771 1678 1825 1706 tri-

1037 1727 1206 1756 bulationes
1222 1729 1250 1755 et
1271 1727 1423 1762 angustias
1449 1727 1567 1763 oportet
1588 1734 1643 1755 nos
1666 1726 1776 1754 intrare
1792 1725 1822 1753 in

1036 1783 1164 1812 regnum
1179 1775 1239 1803 Dei.
1256 1785 1270 1802 »
1287 1777 1360 1810 Act.,
1374 1783 1436 1810 xiv,
1449 1775 1495 1802 21.

1072 1823 1112 1850 De
1133 1822 1231 1859 selpso
1247 1823 1380 1851 scribens
1394 1822 1574 1858 ApostoluS‚
1589 1822 1630 1850 ait
1639 1843 1648 1858 ,
1663 1823 1684 1850 11
1702 1821 1776 1857 eor„
1792 1829 1821 1858 1,

1036 1871 1053 1898 8
1068 1878 1075 1898 ε
1095 1870 1267 1898 «Nolumus
1281 1877 1336 1898 vos
1357 1869 1513 1905 ignorare,
1528 1870 1651 1904 fratres,
1668 1869 1706 1897 de
1727 1869 1824 1897 tribu·

1036 1916 1147 1945 latione
1161 1918 1280 1952 nostra,
1297 1925 1364 1953 quae
1378 1916 1456 1945 facta
1471 1919 1514 1944 est
1532 1917 1563 1944 in
1579 1916 1661 1950 Asia,
1677 1916 1822 1952 quoniam

1036 1971 1126 1999 supra
1150 1964 1277 1991 modum
1300 1963 1414 1999 gravati
1439 1971 1542 1991 sumus
1557 1971 1648 1999 supra
1662 1963 1821 1999 virtutem,

1036 2010 1077 2038 ita
1098 2013 1130 2038 ut
1155 2010 1275 2038 taederet
1296 2018 1351 2038 nos
1373 2010 1463 2038 etiam
1482 2010 1595 2039 vivere.
1611 2020 1624 2037 η
1642 2010 1738 2044 Idem,
1753 2018 1820 2046 cap.

1037 2064 1104 2092 vni,
1120 2059 1134 2085 5
1152 2066 1159 2086 :
1178 2066 1192 2084 «
1207 2059 1281 2085 Cum
1299 2057 1485 2085 venissemus
1508 2057 1713 2087 Macedoniam
1725 2078 1735 2092 ,
1750 2058 1821 2086 nul-

1035 2104 1096 2133 lam
1112 2105 1249 2140 requiem
1272 2104 1378 2132 habuit
1399 2112 1468 2133 caro
1490 2107 1606 2139 nostra,
1622 2105 1676 2132 sed
1698 2112 1820 2133 omnem

1036 2151 1258 2180 tribulationem
1272 2151 1351 2188 passi
1370 2160 1489 2186 sumus,
1505 2152 1576 2180 foris
1596 2160 1719 2188 pugnae,
1743 2152 1821 2181 intus

1035 2199 1167 2227 timores.
1183 2209 1197 2225 n

1071 2246 1293 2275 Commendans
1299 2245 1457 2282 Apostolus
1463 2246 1749 2284 Thessalonicenses,
1762 2248 1819 2277 ait:

1039 2295 1124 2323 «Vos
1142 2294 1306 2322 imitatores
1324 2292 1417 2321 nostri
1439 2293 1508 2322 facti
1533 2293 1618 2329 estis,
1635 2297 1662 2324 et
1681 2296 1819 2331 Domini;

1035 2343 1216 2379 excipientes
1232 2342 1361 2370 verbum
1384 2342 1414 2370 in
1436 2342 1627 2371 tribulatione
1642 2344 1736 2372 multa
1751 2352 1820 2372 cum

1035 2390 1147 2426 gaudio
1163 2389 1287 2425 Spiritus
1302 2389 1414 2423 sancti,
1429 2399 1443 2416 »
1461 2391 1515 2417 etc.
1533 2391 1543 2418 1
1561 2391 1663 2426 Thess„
1680 2399 1705 2426 1,
1723 2392 1750 2418 6.

1070 2437 1114 2466 Ab
1131 2437 1262 2466 adventu
1285 2436 1410 2472 Spiritus
1429 2436 1523 2464 sancti
1546 2436 1575 2463 in
1591 2437 1753 2473 discipulos
1771 2446 1819 2466 us-

1034 2493 1093 2522 que
1110 2485 1149 2513 ad
1164 2486 1281 2520 tempus
1296 2483 1388 2518 illud,
1402 2492 1462 2519 quo
1477 2483 1533 2512 sub
1546 2484 1713 2513 Domitiano
1729 2487 1818 2514 Joan-

1033 2541 1086 2560 nes
1109 2531 1266 2568 Apostolus
1287 2530 1342 2559 fuit
1368 2530 1458 2558 exilio
1482 2530 1648 2566 relegatus,
1667 2530 1818 2561 fluxerunt

1034 2579 1104 2608 anni
1126 2579 1239 2607 circiter
1263 2577 1499 2614 quinquaginta3
1521 2585 1577 2606 nec
1602 2579 1664 2607 toto
1683 2580 1816 2615 tempore

1033 2628 1086 2657 illo
1101 2626 1208 2663 legitur
1222 2625 1285 2662 ipse
1299 2627 1428 2654 Joannes
1452 2627 1495 2653 tot
1514 2627 1543 2653 et
1564 2627 1659 2654 tantas
1678 2626 1817 2656 consola-

1033 2676 1128 2703 tiones
1151 2673 1268 2702 divinas
1293 2672 1434 2701 habuisse
1448 2695 1455 2706 ,
1478 2674 1549 2707 quot
1567 2672 1673 2702 habuit
1694 2674 1815 2702 modico

1034 2725 1167 2758 tempore
1186 2742 1194 2756 ,
1220 2728 1281 2756 quo
1305 2719 1530 2748 tribulationem
1554 2720 1635 2748 exilii
1657 2729 1815 2758 perpessus
