2004 3037
499 222 548 253 DE
570 221 767 254 OPERlBUS
790 222 1033 255 CONDlTORIS.
1058 224 1144 256 CAP.
1168 225 1401 259 xxvut-xxx.

142 291 220 324 sunt,
237 289 323 325 quasi
339 288 504 317 divinando
517 288 692 326 praedicunt.
708 290 854 326 Secundo,
870 289 920 318 ad-

142 335 329 364 monendum
351 335 470 370 fideles,
491 343 529 363 ne
552 335 661 364 scilicet
685 335 742 364 tale
766 336 840 373 quid
865 344 919 372 pro

144 389 254 418 magno
278 381 457 416 desiderent,
482 389 551 410 cum
572 382 694 410 videant
716 383 804 410 etiam
825 382 921 411 malos

143 428 239 458 facere
261 428 444 464 hujusmodi.
465 428 575 463 Tertio,
606 429 646 457 ad
675 429 867 466 probandam
895 431 922 457 et

145 475 341 510 exercendam
354 475 524 511 patientiam
539 477 567 503 et
580 475 671 503 fidem
680 476 838 511 justorum.

326 568 504 603 CAPUT
538 569 736 604 XXVIII.

438 641 476 668 De
495 641 629 674 Lucifero.

183 710 221 738 De
238 707 371 736 Lucifero
390 708 546 737 sciendum
565 711 621 744 est,
646 709 730 746 quod
744 709 799 738 suit
820 710 857 738 de
878 719 924 738 su-

145 762 251 792 premo
271 754 375 783 ordine
397 755 558 792 superioris
576 756 761 791 hierarchice,
777 765 811 785 ac
827 756 857 784 in
871 757 924 784 illo

147 801 252 831 ordine
268 809 442 837 supremum
457 802 584 838 gradum
598 803 706 831 tenuit:
722 803 769 831 cui
784 805 926 839 tanquam

146 847 273 884 principi
288 848 325 875 de
337 848 460 883 singulis
475 849 630 877 ordinibus
644 858 753 885 magna
767 849 926 878 multitudo

148 894 285 930 adhaesit,
306 903 382 930 quos
405 903 510 923 omnes
534 904 636 923 secum
660 896 756 924 traxit.
774 896 870 924 Dictus
885 898 928 924 est

149 943 249 969 autem
269 942 386 975 Lucifer,
401 942 472 977 quia
491 949 552 978 prae
576 943 687 970 caeteris
709 943 792 978 luxit,
807 951 927 979 suaeque

148 987 375 1024 pulchritudinis
390 988 587 1016 consideratio
603 997 672 1017 eum
687 989 853 1017 excaecavit.
870 990 929 1018 Pri-

148 1042 232 1062 mum
245 1034 400 1062 hominem
414 1035 548 1070 tentavit,
565 1037 593 1063 et
607 1035 686 1063 vicit.
703 1035 848 1064 Christum
863 1039 929 1064 ten-

149 1080 229 1116 tavit,
241 1082 269 1108 et
278 1081 371 1108 victus
383 1083 434 1109 est.
446 1081 620 1109 Potest-atem
634 1083 703 1109 tunc
718 1083 825 1116 amisit,
836 1091 930 1118 quam

149 1126 259 1154 ultimis
272 1127 457 1163 temporibus
475 1127 672 1164 recuperabit.
688 1130 770 1156 Nunc
789 1129 930 1164 religatus

150 1175 208 1208 est,
226 1173 299 1201 etin
317 1173 376 1201 fine
398 1174 539 1202 solvetur.
553 1176 705 1202 Peccatum
724 1175 847 1203 Luciferi
866 1175 929 1210 fuit,

151 1220 234 1256 quod
248 1228 279 1248 se
293 1222 320 1248 et
337 1229 425 1248 suum
443 1221 593 1256 privatum
611 1221 726 1249 bonum
743 1221 853 1249 dilexit.
871 1224 929 1250 Ex-

153 1268 277 1294 caecatus
305 1266 342 1295 de
366 1267 520 1295 altitudine
544 1267 644 1296 habita
671 1268 874 1304 praesumpsit,
898 1277 932 1296 ac

152 1313 306 1350 propriam
321 1313 526 1342 excellentiam
538 1314 670 1349 ambivit,
684 1315 768 1351 quasi
778 1314 933 1343 habiturus

153 1359 240 1387 tuerit
253 1368 271 1387 a
284 1368 331 1394 se,
347 1368 409 1388 non
428 1361 466 1388 ab
484 1361 558 1394 alio,
573 1363 600 1388 et
621 1362 683 1389 sine
698 1361 808 1389 meritis
822 1361 932 1389 habere

156 1405 260 1433 voluit.
275 1407 355 1434 Stare
368 1407 417 1434 vel
428 1415 545 1442 sperare
565 1415 632 1434 cum
651 1409 760 1443 posset,
777 1416 933 1443 quousque

154 1452 248 1487 gratia
271 1455 483 1488 apponeretur,
511 1453 616 1481 noluit.
638 1454 686 1481 Dei
710 1453 934 1481 similitudinem

155 1498 340 1534 concupivit,
355 1507 417 1526 non
437 1499 559 1535 quidem
572 1507 660 1527 causa
680 1500 865 1533 imitationis,
883 1500 935 1527 sed

154 1545 319 1580 potestatis,
346 1545 378 1572 id
406 1546 462 1579 est,
482 1545 617 1573 subditos
638 1546 749 1574 habere
773 1546 881 1580 voluit,
907 1548 935 1573 et

155 1591 230 1618 nulli
246 1591 394 1626 subjectus
409 1600 470 1619 esse
486 1592 664 1628 concupivit.

401 1685 543 1718 CAPUT
568 1686 691 1718 XXIX.

238 1756 311 1790 Quid
329 1757 364 1783 sit
385 1757 488 1783 Anima
505 1757 647 1784 secundum
667 1757 863 1790 diffinitionem.

193 1827 259 1853 Post
281 1827 419 1853 naturam
441 1833 632 1861 corpoream,
657 1827 686 1853 et
712 1826 935 1862 incorpoream,

159 1871 319 1899 dicendum
343 1873 385 1899 est
411 1872 448 1899 de
473 1874 578 1900 natura
603 1881 639 1900 ex
662 1874 793 1909 utrisque
818 1882 938 1909 compo-

160 1918 236 1946 sita:
265 1919 317 1946 sed
344 1919 442 1954 primo
469 1927 506 1946 ex
533 1922 618 1954 parte
650 1920 773 1954 mentis5
805 1921 937 1948 secundo

160 1972 195 1992 ex
216 1967 298 2000 parte
323 1965 471 2000 corporis3
496 1966 580 1993 tertio
601 1974 637 1993 ex
661 1968 743 2002 parte
772 1967 859 1994 totius
883 1967 937 1994 ho-

159 2011 256 2038 minis.
286 2013 324 2038 De
354 2012 453 2039 anima
484 2012 574 2046 igitur
604 2013 767 2040 videndum
795 2016 836 2040 est
864 2014 938 2049 quid

160 2057 195 2084 sit
222 2057 390 2085 secundum
415 2057 632 2086 diffinitionem.
658 2061 748 2086 Porro
777 2067 794 2086 a
817 2060 938 2095 quibus-

159 2103 229 2131 dam
253 2104 397 2131 diffinitur
420 2105 451 2131 ut
476 2104 612 2139 spiritus;
637 2112 655 2131 a
681 2105 877 2140 quibusdam,
908 2108 939 2133 ut

159 2150 274 2185 anima3
297 2158 314 2177 a
336 2150 518 2185 quibusdam
534 2158 621 2183 vero,
640 2152 672 2177 ut
692 2151 809 2186 spiritus
829 2154 857 2178 et
877 2152 939 2179 ani-

158 2205 218 2224 ma.
234 2199 265 2224 ln
287 2198 433 2232 quantum
457 2196 546 2231 igitur
567 2197 667 2224 anima
690 2199 827 2225 naturam
850 2198 939 2226 habet

159 2243 291 2279 spiritus,
308 2242 450 2270 diffinitur
469 2243 507 2269 ab
526 2243 688 2278 Augustino
704 2244 745 2270 sic
764 2243 794 2271 in
813 2244 890 2271 libro
907 2245 939 2272 de

159 2289 236 2316 Motu
253 2289 362 2316 Cordz's:
378 2289 506 2316 «Anima
517 2291 560 2316 est
574 2290 737 2317 substantia
750 2290 937 2326 incorporea,

159 2335 380 2369 intellectualis,
397 2335 623 2363 illuminationis
645 2345 755 2372 capax,
775 2337 879 2364 ultima
894 2346 937 2364 re-

159 2381 305 2409 velatione
327 2381 530 2417 pcrceptiva.»
556 2384 596 2409 Ex
617 2383 671 2409 hac
694 2383 869 2411 diffinitione
890 2392 937 2411 co-

161 2429 330 2463 gnoscimus
346 2429 429 2464 quod
444 2429 562 2464 spiritus
577 2430 737 2464 humanus,
754 2431 805 2467 qui
821 2433 863 2458 est
878 2432 938 2459 ani-

161 2482 219 2509 ma,
241 2475 314 2502 inter
330 2483 433 2502 omnes
453 2477 600 2503 creaturas
620 2476 790 2504 immediate
805 2480 870 2513 post
885 2486 937 2505 an—

162 2522 243 2555 gelos
274 2521 499 2549 illuminationis
531 2522 638 2549 divinae
670 2524 706 2550 sit
741 2525 936 2560 pcrceptivus,

163 2567 267 2594 Anima
282 2576 362 2603 vero,
378 2568 408 2595 in
424 2571 568 2604 quantum
584 2569 693 2604 anima,
709 2570 749 2597 sic
765 2571 907 2598 diffinitur
920 2579 937 2598 a

195 2667 202 2683 ¹
218 2665 304 2696 Arist„
315 2666 343 2690 (Ie
353 2667 448 2697 Anz'm„
459 2667 503 2691 lib.
517 2667 546 2698 ll,
557 2669 616 2692 text.
627 2669 682 2691 5.-
693 2669 701 2685 ²
716 2670 769 2693 llno
780 2669 811 2693 ab
823 2672 935 2699 auctore,

1695 231 1752 261 103

976 291 1130 327 Remigio:
1155 301 1169 318 «
1187 293 1292 321 Anima
1317 296 1359 322 est
1379 294 1543 323 substantia
1565 295 1752 332 incorporea,

974 345 1081 373 regens
1103 346 1219 375 corpus.
1239 349 1252 366 >i
1275 341 1316 368 Ex
1334 340 1391 368 hac
1412 340 1587 369 diffinitione
1608 341 1754 370 habemus

976 384 1060 420 quod
1076 385 1176 413 anima
1191 387 1234 413 est
1247 386 1332 422 quasi
1346 387 1479 422 corporis
1493 390 1590 416 rector
1604 390 1632 416 et
1644 390 1752 417 motor.

977 431 1048 458 ltem
1060 432 1170 466 anima,
1183 432 1214 460 in
1224 434 1370 469 quantum
1383 433 1492 468 anima,
1504 434 1647 463 diffinitur
1660 443 1678 463 a
1691 435 1755 464 Phi-

975 477 1104 513 losopho
1125 478 1156 506 in
1179 478 1257 507 libro
1279 479 1312 506 de
1329 480 1430 507 Anima
1447 482 1454 498 ¹
1473 480 1533 508 sic:
1553 490 1566 507 «
1588 481 1694 510 Anima
1713 484 1757 510 est

977 523 1140 552 entelechia
1168 525 1301 561 corporis
1328 526 1442 562 physici
1471 526 1604 562 organici
1624 528 1757 564 potentia

977 570 1069 598 vitam
1091 571 1237 599 habentis.
1258 582 1272 599 »
1289 572 1457 601 Entelechia
1474 573 1522 601 hic
1547 573 1654 602 dicitur
1675 576 1757 603 actus

978 617 1107 652 primus,
1121 617 1182 646 sive
1206 618 1355 654 perfectio.
1373 621 1413 647 Ex
1431 619 1488 648 hac
1510 620 1686 650 diffinitione
1705 621 1758 650 ha-

979 663 1086 692 bemus
1104 665 1188 701 quod
1211 665 1312 694 anima
1330 666 1452 694 unibilis
1474 668 1517 695 est
1537 669 1673 704 corpori,
1696 677 1758 698 non

980 711 1077 745 omni,
1094 711 1146 739 sed
1161 712 1216 740 soli
1231 713 1373 748 organico
1389 715 1417 741 et
1429 713 1553 750 physico
1563 736 1572 749 ,
1587 715 1620 743 id
1634 717 1689 750 est,
1705 724 1759 744 na-

980 758 1084 792 turali,
1107 758 1146 786 ad
1167 760 1385 795 susceptionem
1402 760 1510 788 animae
1531 761 1683 790 rationalis
1699 763 1759 791 dis-

980 805 1088 841 posito.
1106 807 1177 833 item
1192 806 1308 841 anima,
1329 806 1359 834 in
1379 809 1525 843 quantum
1539 810 1582 836 est
1601 808 1719 845 spiritus
1733 811 1762 838 et

983 852 1094 884 anima‘,
1111 852 1151 879 sic
1172 852 1316 880 diffinitur
1337 853 1375 881 ab
1395 854 1559 889 Augustino
1574 856 1584 872 ²
1599 863 1605 882 :
1626 865 1639 881 «
1656 855 1761 884 Anima

982 899 1025 925 est
1039 898 1174 926 omnium
1189 899 1362 928 similitudo.
1380 910 1392 926 »
1404 902 1467 928 Haec
1483 901 1620 929 diffinitio
1636 901 1706 930 data
1719 904 1763 931 est

982 952 1036 980 per
1046 946 1301 981 comparationem
1315 947 1421 975 animae
1431 947 1469 975 ad
1483 949 1641 976 creaturas.
1657 948 1763 977 Anima

984 991 1064 1018 enim
1088 1000 1124 1019 ex
1144 992 1190 1019 sui
1214 995 1320 1021 natura
1341 994 1381 1021 ad
1401 994 1604 1030 suscipiendas
1628 995 1763 1024 omnium

983 1046 1100 1073 rerum,
1123 1040 1184 1067 tam
1209 1040 1428 1075 corporalium,
1454 1049 1546 1077 quam
1568 1041 1763 1078 spiritualium

984 1084 1192 1113 similitudines
1220 1088 1289 1122 apta
1314 1089 1366 1114 est.
1391 1088 1462 1115 Item
1481 1088 1587 1116 animae
1607 1088 1764 1124 descriptio

986 1132 1051 1159 talis
1075 1134 1117 1159 est
1142 1142 1148 1159 ι
1177 1142 1191 1158 ι(
1212 1133 1318 1160 Anima
1340 1135 1383 1160 est
1410 1133 1555 1162 deiforme
1583 1135 1765 1171 spiraculum

985 1179 1061 1206 vitae.
1085 1188 1099 1204 ι)
1117 1180 1180 1207 Haec
1207 1179 1365 1216 descriptio
1389 1180 1515 1208 sumitur
1534 1189 1552 1209 a
1573 1182 1668 1209 Genesi
1689 1183 1714 1218 ³,
1739 1184 1767 1211 et

987 1225 1073 1252 datur
1100 1226 1266 1253 secundum
1290 1226 1372 1262 quod
1396 1227 1496 1254 anima
1517 1231 1707 1264 comparatur
1727 1229 1767 1257 ad

987 1273 1096 1306 Deum,
1112 1273 1201 1307 prout
1222 1280 1284 1299 non
1300 1281 1336 1300 ex
1355 1273 1492 1308 traduce,
1507 1273 1555 1301 vel
1574 1274 1709 1302 seminali
1723 1282 1768 1303 ra-

988 1318 1067 1345 tione
1089 1320 1283 1354 propagatur,
1305 1319 1358 1346 sed
1381 1327 1398 1346 a
1419 1321 1477 1347 Deo
1499 1320 1617 1356 corpori
1638 1321 1768 1350 creando

988 1364 1164 1398 infunditur,
1180 1366 1208 1392 et
1226 1364 1412 1393 infundendo
1429 1368 1553 1394 creatur.
1571 1368 1642 1395 Item
1660 1368 1769 1396 Seneca

989 1411 1030 1438 sic
1045 1410 1153 1439 diffinit
1167 1411 1299 1438 animam
1316 1420 1322 1438 :
1344 1421 1356 1437 κ
1371 1412 1476 1440 Anima
1490 1415 1533 1440 est
1551 1413 1669 1449 spiritus
1683 1414 1769 1442 intel-

989 1457 1121 1485 lectualis
1143 1458 1182 1485 ad
1203 1458 1419 1486 beatitudinem
1441 1459 1471 1486 in
1496 1468 1527 1487 se
1547 1461 1574 1488 et
1594 1460 1624 1488 in
1644 1468 1768 1497 corpore

990 1504 1154 1532 ordinatus.
1179 1515 1192 1531 »
1217 1506 1282 1532 Haec
1303 1505 1439 1533 diffinitio
1465 1506 1551 1533 datur
1575 1507 1605 1534 in
1627 1507 1769 1535 relatione

990 1551 1096 1577 animae
1111 1550 1150 1578 ad
1173 1551 1263 1578 finem
1275 1573 1284 1585 ,
1304 1552 1466 1580 secundum
1492 1553 1575 1588 quod
1592 1561 1653 1580 non
1672 1553 1771 1581 solum

990 1598 1124 1632 separata
1140 1597 1325 1625 beatificatur
1345 1598 1375 1625 in
1395 1606 1440 1633 se,
1461 1599 1535 1626 sicut
1550 1600 1689 1634 angelus,
1709 1599 1770 1628 imo

991 1645 1019 1671 et
1039 1643 1070 1670 in
1093 1652 1218 1680 corpore
1242 1645 1407 1680 glorificato
1427 1645 1519 1681 ipsius
1535 1646 1688 1675 beatitudo
1709 1654 1772 1675 am-

989 1693 1106 1729 pliatur.

1242 1743 1384 1776 CAPUT
1408 1744 1516 1777 XXX.

1137 1813 1209 1846 Quid
1226 1815 1262 1840 sit
1278 1814 1381 1840 Anima
1400 1815 1544 1841 secundum
1562 1823 1626 1842 rem.

1028 1880 1105 1914 Quid
1127 1880 1163 1907 sit
1182 1880 1281 1907 anima
1302 1880 1467 1908 secundum
1485 1889 1559 1915 rem,
1585 1881 1716 1910 diversas
1732 1883 1772 1910 vi-

994 1928 1100 1955 dentur
1121 1926 1278 1954 sententias
1298 1927 1470 1963 philosophi
1496 1928 1664 1963 protulisse.
1690 1929 1771 1957 Plato

994 1974 1072 2001 enim
1088 1974 1158 2001 dicit
1175 1973 1308 2001 animum
1327 1982 1485 2001 numerum
1504 1975 1633 2010 seipsum
1649 1984 1773 2003 moven-

994 2021 1068 2052 tem,
1099 2018 1282 2051 Aristoteles,
1318 2018 1512 2045 entelechiam
1530 2028 1535 2052 3
1575 2019 1769 2055 Pythagoras,

993 2064 1202 2097 harmoniam;
1232 2064 1421 2099 Hippocrates
1434 2085 1441 2097 ,
1471 2064 1605 2099 spiritum
1633 2068 1771 2097 tenuem:

994 2110 1173 2141 Heraclitus,
1202 2109 1315 2143 lucem3
1348 2110 1548 2144 Democritus,
1575 2110 1710 2146 spiritum
1735 2120 1772 2140 ex

994 2155 1100 2182 atomis
1124 2155 1337 2190 compositum
1364 2157 1561 2191 Hypomenes,
1587 2157 1708 2192 igneum
1731 2158 1772 2185 vi-

993 2209 1106 2236 gorem.
1130 2201 1319 2228 Parmenides
1340 2201 1410 2229 dicit
1433 2210 1500 2229 eam
1519 2211 1580 2230 esse
1603 2203 1639 2231 de
1654 2206 1731 2231 terra
1745 2207 1772 2233 et

993 2248 1081 2283 igne;
1098 2248 1239 2283 Epicurus
1261 2250 1376 2283 autem,
1399 2256 1434 2276 ex
1449 2256 1516 2276 aere
1541 2252 1568 2277 et
1592 2250 1670 2284 igne.
1698 2252 1772 2279 Inter

992 2295 1045 2322 has
1061 2294 1241 2322 diversitates
1255 2303 1310 2322 nos
1324 2295 1476 2330 sequimur
1492 2295 1569 2323 dicta
1583 2299 1769 2332 sanctorum,

994 2343 1021 2368 et
1036 2341 1250 2368 catholicorum
1268 2341 1478 2376 magistrorum
1493 2342 1669 2377 dicentium,
1687 2343 1771 2378 quod

993 2388 1093 2415 anima
1107 2390 1149 2415 est
1163 2388 1327 2415 substantia
1342 2388 1500 2424 spiritualis
1515 2391 1541 2416 ct
1555 2390 1718 2424 rationalis,
1732 2390 1771 2418 ad

992 2434 1206 2462 vivificandum
1221 2443 1329 2470 corpus
1344 2435 1509 2462 humanum
1524 2435 1560 2463 de
1578 2436 1671 2464 nihilo
1687 2444 1770 2464 crea-

993 2483 1030 2509 ta.
1047 2482 1149 2509 Creata
1165 2482 1248 2508 estin
1264 2483 1408 2516 quantum
1424 2482 1523 2509 anima
1538 2482 1729 2517 perfectibilis
1743 2486 1771 2511 et

991 2527 1163 2563 imperfecta
1185 2530 1329 2562 quantum
1350 2528 1389 2555 ad
1408 2528 1559 2555 scientiam
1581 2530 1608 2555 et
1629 2529 1769 2564 virtutes,

992 2574 1203 2609 perfectissima
1218 2576 1315 2601 tamen
1336 2576 1379 2601 est
1404 2577 1547 2610 quantum
1570 2575 1608 2602 ad
1624 2576 1771 2611 potentias

992 2636 1104 2666 quisquis
1122 2636 1162 2659 illc
1183 2636 1230 2666 sit,
1250 2636 1293 2660 lib.
1310 2636 1338 2659 tle
1359 2637 1429 2667 Spir.
1450 2639 1472 2659 ΡΙ
1492 2637 1589 2662 Αηῐιη..
1608 2644 1630 2661 c.
1651 2644 1686 2667 V1,
1702 2638 1770 2661 inter

993 2672 1069 2702 Oper.
1085 2672 1112 2696 S.
1130 2674 1203 2702 Aug„
1218 2674 1281 2695 tom.
1302 2673 1342 2702 Vl,
1358 2673 1468 2703 append.
1483 2686 1512 2690 —
1525 2672 1535 2689 ³
1551 2672 1622 2701 Gen„
1638 2679 1668 2703 11,
1683 2674 1705 2697 7.
