2004 3037
210 206 270 236 446

209 272 276 301 loca
300 280 356 301 sua
380 271 507 309 petunt:
530 271 634 308 gravia
655 271 812 308 deorsum,
835 275 868 302 ut
890 273 966 310 lapis
973 283 983 310 ς

209 327 327 348 sursum
351 318 446 354 levia,
470 319 503 347 ut
524 318 612 355 ignis.
638 320 704 348 llaec
728 321 811 348 extra
837 319 904 350 loca
931 328 986 351 sua

209 367 316 394 exeunt
328 365 413 402 quasi
427 364 560 402 inquieta
575 375 582 394 :
597 366 650 394 sed
665 366 750 403 quod
763 367 807 396 est
819 367 940 404 pondus
953 368 986 397 in

209 412 433 449 corporalibus,
445 413 488 440 est
501 420 586 441 amor
599 413 630 441 in
644 413 856 450 spiritualibus.
871 424 885 440 ιο
903 415 984 444 Unde

209 460 278 488 dicit
296 459 378 488 idem
399 469 406 488 :
428 469 443 486 α
460 462 551 489 Amor
565 468 665 495 meus,
680 461 800 497 pondus
813 469 932 499 meum;
947 471 984 492 eo

207 506 296 542 feror,
307 514 500 543 quocumque
511 506 600 536 feror.
618 509 700 536 Dono
715 510 766 536 tuo
781 509 984 544 accendimur,

207 555 235 582 et
248 561 366 582 sursum
383 553 516 583 ferimur.
532 564 546 580 ι»
564 556 639 590 Ergo
654 557 767 592 quanto
787 563 873 584 amor
889 556 984 592 magis

206 601 391 636 accenditur,
407 603 488 629 tanto
503 600 651 630 desideria
669 609 808 631 amorosa
825 603 983 640 perfectius

205 656 322 676 sursum
335 647 487 683 feruntur,
503 655 559 676 nec
573 648 747 684 quiescunt,
767 649 863 678 donec
883 650 923 678 ad
937 650 982 679 lo·

206 703 275 723 cum
296 703 399 730 suum,
421 694 530 723 scilicet
548 694 588 723 ad
608 697 739 724 amatum
763 698 856 725 Deum
877 705 981 734 perve-

205 742 297 771 niant.
310 742 392 770 Unde
406 742 538 779 sequitur
554 751 560 770 :
581 753 594 769 «
609 743 838 778 inardescimus,
853 746 880 772 et
893 744 981 781 imus,

205 791 233 818 et
247 790 434 818 ascendimus
453 790 639 819 ascensiones
658 791 690 819 in
708 791 799 820 corde
819 791 860 820 ad
877 800 982 828 pacem

204 836 236 865 in
249 836 439 865 Hierusalem.
460 847 474 863 n
498 837 597 866 Simile
613 837 683 866 dicit
702 838 916 874 Lineoniensis,
933 847 982 868 su-

203 891 258 920 per
281 884 364 912 tertio
392 885 529 920 szqelccoe
544 885 720 912 Hlerarchioe.
745 886 778 912 at
806 885 979 921 Gregorius,

202 930 281 959 libro
304 931 429 967 septimo
449 932 612 966 Moralium,
635 931 705 959 dicit
725 931 767 960 sic
787 932 818 959 ¹:
847 941 860 958 ιι
883 932 980 961 Sancti

202 978 258 1005 viri
279 986 347 1006 cum
371 977 551 1006 desiderium
572 978 739 1006 aeternitatis
764 979 920 1015 anhelant,
948 980 980 1008 in

203 1026 282 1052 tanta
303 1024 458 1053 altitudine
478 1024 544 1052 vitre
567 1032 598 1053 se
622 1025 801 1061 sublevant,
823 1028 855 1054 ut
875 1026 978 1055 audire

199 1071 262 1106 jam
276 1079 342 1107 quae
359 1071 465 1099 mundi
480 1073 562 1106 sunt,
580 1079 670 1107 grave
687 1071 743 1100 sibi
758 1080 793 1100 ae
808 1072 979 1109 deprimens

200 1118 320 1154 pondus
335 1118 466 1146 credant.
483 1118 574 1146 Valde
595 1118 675 1146 cuim
694 1119 881 1148 intolerabile
903 1121 978 1149 festi-

200 1167 300 1199 mant,
316 1162 479 1201 'quidquid
506 1165 538 1193 id
566 1173 627 1193 non
656 1168 758 1201 sonat,
788 1167 871 1202 quod
900 1167 978 1196 intus

200 1214 310 1240 amant.
332 1223 346 1238 »
363 1212 501 1249 Sequitur
524 1212 600 1240 infra
623 1214 633 1229 -.›
656 1221 663 1240 :
687 1222 701 1238 «
725 1214 756 1241 Et
784 1214 977 1250 multiplicata

200 1258 356 1294 charitate,
373 1259 537 1294 majoribus
553 1259 706 1287 desideriis
720 1263 852 1295 aestuant,
868 1263 896 1289 et
913 1263 976 1297 jam

198 1306 353 1341 pervenire
373 1305 411 1333 ad
430 1305 521 1333 vitam
541 1306 673 1342 spiritus,
689 1307 777 1335 etiam
796 1316 849 1343 per
865 1309 977 1337 crucia-

199 1353 244 1379 tus
269 1352 420 1389 corporis,
436 1353 584 1380 anhelant.
606 1363 618 1377 »
640 1355 679 1381 Ex
703 1362 763 1390 quo
782 1356 876 1390 patet,
891 1355 976 1391 quod

199 1399 258 1427 alta
277 1399 439 1430 desideria.
459 1407 526 1435 quae
550 1399 580 1427 in
603 1408 754 1428 summum
778 1400 975 1430 desiderabile

198 1446 337 1481 tendunt,
363 1446 445 1481 signa
464 1445 596 1482 pertenue
616 1447 762 1475 charitatis
790 1450 866 1476 sunt.
895 1448 975 1477 tdem

198 1492 269 1521 dicit
283 1492 446 1521 ltichardus
461 1493 491 1520 in
506 1495 628 1521 tractatu
643 1494 675 1521 de
691 1495 840 1522 Char-itate.

232 1540 359 1568 Tertium
373 1540 492 1575 signum
506 1543 533 1567 et
548 1540 739 1568 intrinsecum
754 1542 890 1577 perfeetoe
905 1542 975 1570 cha-

197 1586 298 1620 ritatis,
316 1588 384 1613 sunt
403 1586 597 1621 cogitationes
611 1587 771 1623 languidae.
790 1589 872 1617 ltatio
890 1589 972 1617 istius

197 1633 272 1668 signi
294 1635 336 1661 est
359 1633 422 1661 ista.
441 1634 610 1668 Fulgentius
633 1634 662 1661 in
683 1635 814 1671 quodam
837 1643 973 1664 sermone

197 1679 289 1707 dicit³
306 1689 312 1706 :
333 1691 346 1705 «
361 1681 478 1708 Necesse
499 1683 541 1708 est
555 1702 562 1714 ,
584 1683 615 1708 ut
630 1689 690 1717 quo
713 1683 859 1717 praecessit
880 1683 972 1711 dilee-

197 1727 283 1754 tionis
299 1727 467 1761 thesaurus,
484 1727 513 1755 id
531 1729 590 1762 est,
607 1731 754 1763 amatum,
777 1729 845 1757 illue
866 1738 973 1766 sequa-

197 1775 243 1801 tur
271 1774 456 1809 cogitationis
484 1774 671 1809 affectus,id
701 1778 761 1810 est,
790 1776 972 1804 desiderium

195 1828 377 1848 amorosum.
396 1821 463 1849 tdeo
481 1821 585 1849 veritas
601 1822 659 1849 ait‘
678 1831 684 1849 :
706 1824 756 1849 l'ln'
772 1825 842 1850 enim
865 1824 972 1850 thesau-

195 1875 242 1894 rus
258 1869 318 1894 tuus
339 1870 396 1901 est,
423 1868 462 1894 ibi
485 1871 509 1895 ct
531 1877 574 1895 cor
599 1872 673 1895 tuum
695 1871 757 1896 erit.
781 1878 794 1893 η
813 1870 970 1905 Sequitur:

199 1924 213 1940 α
228 1914 260 1941 Ut
283 1921 353 1949 ergo
370 1914 497 1942 coelestia
518 1915 767 1949 thesaurizemus,
783 1916 913 1944 crrlestia
929 1917 973 1944 di-

195 1960 330 1995 ligamus.
343 1961 389 1988 Vis
402 1968 473 1996 ergo
485 1969 571 1989 nosse
583 1962 634 1990 ubi
646 1962 842 1990 thesaurizas?
853 1963 971 1991 attende

196 2007 269 2043 quid
284 2015 381 2042 amaS,
397 2007 513 2035 attende
530 2010 556 2036 et
571 2008 644 2044 quid
660 2009 786 2045 cogitas,
802 2012 829 2038 et
845 2010 882 2038 ita
901 2010 970 2045 fiet,

195 2057 226 2081 ut
243 2054 411 2082 thesaurum
426 2057 509 2083 tuum
524 2063 559 2083 ex
576 2058 625 2083 tuo
639 2065 739 2084 amore
755 2065 950 2091 recognoscas
961 2080 969 2093 ,

196 2103 223 2128 et
237 2109 371 2129 amorem
388 2103 470 2129 tuuni
483 2102 596 2137 judicio
615 2104 670 2130 tum
682 2103 868 2138 cogitationis
887 2104 970 2132 intel-

195 2148 308 2183 ligas.»
328 2150 391 2176 Haec
414 2148 473 2176 ille.
498 2149 525 2177 Si
552 2158 621 2183 ergo
645 2151 831 2185 cogitationis
850 2151 971 2179 affectus

195 2197 237 2222 est
251 2194 302 2222 ubi
318 2197 360 2222 est
375 2195 528 2223 thesaurus
548 2196 672 2231 amoris,
693 2197 724 2224 id
740 2200 797 2231 est,
818 2200 968 2233 amatum,

194 2242 319 2276 planum
334 2244 391 2275 est,
408 2243 489 2277 quod
506 2243 645 2277 cogitatio
660 2243 768 2271 fastidit
783 2252 871 2271 oinne
887 2245 970 2272 aliud

195 2288 233 2315 ab
254 2290 363 2315 amato.
389 2288 468 2316 t‘nde
488 2288 606 2323 (nossa,
628 2299 716 2326 super
739 2290 814 2318 illud
838 2291 969 2318 Cantico-

194 2343 260 2362 run]
276 2335 285 2350 δ
301 2344 307 2362 ;
325 2336 431 2369 adjuro
450 2343 514 2367 res,
535 2337 598 2370 silice
619 2338 804 2369 Hierusalem,
820 2341 849 2364 ut
865 2346 969 2365 annun-

196 2384 268 2410 tietis
282 2383 388 2416 dilecto,
400 2383 465 2417 ([ιιὶιι
478 2391 566 2409 autore
581 2384 709 2416 Ιιιηῃιωος
725 2384 795 2411 dicit
811 2384 866 2412 sic:
885 2396 898 2410 a
911 2386 969 2412 Prae

194 2429 398 2464 magnitudine
421 2429 552 2463 amoris,
576 2429 677 2457 omnia
702 2431 878 2465 temporalia
903 2435 970 2459 sunt

194 2476 267 2504 mihi
289 2476 440 2504 fastidium
457 2485 463 2503 :
480 2475 560 2504 unde
580 2476 718 2512 langueo.
737 2487 750 2503 »
767 2478 902 2512 Languor
917 2487 969 2506 au-

229 2563 233 2575 ¹
250 2563 336 2593 Greg,
352 2562 454 2590 Mornl„
470 2562 514 2586 lib.
533 2562 585 2590 Vll,
604 2569 625 2586 c.
643 2568 667 2593 v,
683 2563 751 2586 cirea
766 2564 809 2587 tin.
828 2576 858 2581 —-
871 2563 967 2594 21ὸὶιίῚ

194 2605 218 2622 c.
234 2604 277 2626 ηπ,
293 2598 376 2622 statim
393 2605 407 2622 a
424 2598 504 2629 princ.
522 2611 548 2616 —
565 2598 575 2614 ³
589 2598 716 2629 Fulge-nt,
732 2605 809 2624 serni.
824 2599 854 2622 ‹le
870 2599 967 2629 Confes-

193 2634 304 2665 ,τοι-ίίιιιε,
327 2634 403 2666 longe
428 2636 486 2666 post
510 2634 578 2659 med.
602 2647 633 2654 —
656 2634 663 2648 ⁴
687 2635 790 2665 Mutela,
814 2640 857 2665 vt,
881 2636 921 2660 21.
938 2649 968 2654 -

194 2671 203 2687 Β
220 2670 303 2699 Cant„
323 2676 350 2699 Η,
372 2671 395 2693 5.
415 2683 446 2689 -—
464 2671 473 2684 ⁰
498 2670 612 2700 Lineon.,
635 2676 690 2701 sup.
711 2677 767 2701 cap.
791 2672 856 2701 sept.
878 2671 967 2702 Δημοῖ.

621 205 672 237 DE
693 205 852 240 SEPTEM
873 205 1099 240 ITlNERlBUS
1119 206 1410 243 AETERNITATIS.

1041 275 1101 303 tem
1125 274 1179 304 iste
1208 277 1345 305 causatur
1373 283 1408 306 ex
1435 284 1538 307 amore
1565 277 1708 315 perfecto.
1733 280 1816 310 Unde

1041 321 1180 358 Origenes
1193 322 1308 352 ibidem
1331 323 1486 360 distinguit
1505 324 1582 354 inter
1595 333 1730 355 amorem
1747 327 1816 357 sim-

1039 367 1163 404 plicem,
1179 371 1208 398 et
1231 369 1386 406 ardorem,
1411 373 1440 399 et
1459 371 1657 408 languorem:
1671 374 1817 409 «Amant,

1040 415 1154 452 inquit,
1175 415 1366 453 incipientes;
1392 417 1497 446 ardent
1519 418 1710 455 proficientes
1721 429 1731 455 ς
1754 420 1818 450 lan-

1041 465 1132 498 guent
1150 463 1282 500 perfecti.
1300 474 1314 490 »
1351 465 1425 500 Ergo
1449 465 1642 502 cogitationes
1665 466 1817 502 languidae

1040 511 1108 538 sunt
1116 510 1235 546 signum
1245 511 1356 540 amoris
1369 511 1502 548 perfecti.
1513 512 1613 541 Simile
1627 513 1757 542 ostendit
1769 513 1817 542 Ri-

1040 555 1168 585 chardus
1181 557 1268 586 intra.

1075 603 1217 638 Quartum
1244 604 1363 640 signum
1395 605 1588 634 intrinsecum
1616 607 1728 635 amoris
1749 615 1818 644 per-

1038 649 1125 686 fecti,
1148 652 1217 680 sunt
1237 652 1456 688 expectationes
1486 653 1623 682 taediosae.
1652 653 1735 682 Ratio
1757 654 1813 683 hu-

1036 696 1083 732 jus
1098 697 1175 734 signi
1189 699 1250 732 est,
1270 698 1343 735 quia
1352 719 1362 734 ,
1377 699 1452 728 sicut
1474 699 1545 728 dicit
1561 700 1760 729 Lineoniensis
1774 702 1785 719 ὅ
1806 711 1814 730 :

1041 754 1055 770 α
1075 746 1194 773 Αωοτθ·’
1207 745 1345 774 tendente
1371 746 1402 774 in
1422 754 1486 774 rem
1510 749 1655 783 amatam,
1670 747 1745 776 nihil
1767 756 1816 776 ve-

1037 789 1149 826 locius,
1165 791 1240 819 nihil
1261 792 1393 827 acutius,
1417 792 1492 821 nihil
1515 793 1652 828 subtilius
1667 815 1675 829 ,
1690 797 1742 823 aut
1761 802 1813 831 pe-

1036 837 1211 865 netrabilius
1224 857 1235 872 ,
1265 838 1336 874 quia
1363 846 1417 867 sua
1441 841 1546 868 natura
1573 848 1635 868 non
1661 841 1813 877 quiescit,

1038 883 1133 912 donee
1155 883 1385 913 substantialiter
1409 887 1500 914 totam
1523 887 1722 923 penetraverit
1743 895 1813 924 pro-

1036 929 1224 966 funditatem,
1236 934 1265 960 et
1274 932 1475 968 pertransierit
1483 933 1620 962 amabilis
1631 934 1812 970 totalitatem,

1036 979 1181 1013 quantum
1201 980 1307 1014 potest.
1325 989 1339 1005 ιο
1357 981 1389 1007 Et
1401 979 1483 1008 idem
1499 989 1506 1007 ι
1526 990 1540 1006 «
1561 981 1686 1015 Quando
1710 989 1813 1010 cursus

1035 1024 1117 1052 istius
1132 1025 1242 1053 amoris
1262 1026 1439 1062 impeditur,
1454 1027 1502 1055 vel
1523 1028 1689 1057 retardatur
1712 1029 1811 1066 quali-

1034 1072 1223 1108 tercumque,
1237 1074 1297 1101 tota
1311 1081 1395 1101 mens
1408 1074 1552 1108 turbatur,
1567 1078 1595 1103 et
1607 1076 1811 1111 expectatione

1034 1118 1210 1147 attaediatur.
1235 1129 1248 1145 n
1269 1120 1343 1154 Quia
1357 1141 1367 1154 ,
1395 1120 1468 1149 sicut
1497 1121 1569 1149 dicit
1598 1122 1809 1151 Richardus':

1035 1175 1049 1190 «
1073 1166 1188 1193 Arnanti
1213 1167 1310 1194 omnis
1334 1175 1419 1196 mora
1442 1168 1530 1196 nimis
1553 1168 1645 1205 longa
1667 1169 1786 1198 videtur
1800 1191 1810 1202 ,

1033 1213 1196 1248 expectatio
1216 1221 1342 1242 onerosa
1353 1224 1361 1249 ;
1381 1205 1489 1243 clamat
1509 1223 1578 1243 eum
1601 1218 1701 1244 saneto
1711 1216 1808 1245 Job⁸:

1035 1260 1124 1287 Toettet
1146 1262 1265 1288 animam
1290 1269 1374 1288 meum
1400 1264 1463 1289 vitoe
1486 1271 1558 1290 meoe.
1575 1272 1588 1288 u
1609 1262 1695 1296 Quod
1716 1270 1808 1300 expo-

1031 1314 1105 1334 nens
1115 1307 1288 1343 Gregorius,
1300 1315 1382 1336 nono
1398 1309 1561 1344 Moralium,
1577 1309 1647 1337 dicit
1659 1311 1670 1327 θ
1686 1318 1692 1337 :
1712 1319 1727 1336 ι
1737 1312 1809 1339 Prie-

1032 1361 1099 1381 sens
1114 1354 1173 1382 vita
1188 1354 1346 1389 vilescere,
1361 1354 1393 1382 id
1407 1357 1464 1390 est,
1480 1355 1586 1384 taedere
1602 1356 1721 1392 incipit,
1735 1356 1809 1385 dum

1032 1400 1151 1428 divinus
1165 1409 1251 1429 amor
1265 1401 1433 1430 dulcescere
1445 1403 1543 1439 coepit,
1555 1403 1586 1431 id
1602 1405 1654 1437 cst,
1665 1403 1778 1439 perfici.
1791 1413 1805 1431 ι)

1032 1447 1112 1475 Unde
1128 1455 1231 1475 amans
1245 1448 1388 1484 perfecte,
1411 1457 1479 1477 cum
1500 1449 1587 1478 toedio
1603 1449 1738 1486 quodam
1751 1450 1808 1479 sas-

1030 1493 1096 1521 tidit
1111 1501 1216 1528 omne,
1233 1495 1315 1530 qnod
1330 1504 1449 1523 cursum
1463 1497 1574 1524 amoris
1587 1496 1720 1533 impedit.
1737 1497 1807 1525 Ideo

1031 1540 1176 1568 Gilbertus
1190 1543 1365 1570 porretanus
1376 1563 1384 1577 ,
1400 1551 1536 1571 sermone
1553 1543 1722 1579 undecimo,
1737 1543 1807 1572 dicit

1030 1587 1071 1614 sic
1084 1587 1103 1603 ¹⁰
1119 1597 1125 1615 :
1140 1597 1153 1613 «
1169 1591 1258 1616 Amor
1276 1590 1457 1617 terrenarum
1473 1590 1699 1626 occupationum
1713 1590 1806 1627 impa-

1031 1633 1104 1662 tiens
1119 1637 1178 1669 est,
1191 1634 1251 1662 suis
1275 1635 1344 1663 satis
1366 1636 1479 1664 habens
1501 1636 1642 1664 inservire
1662 1636 1805 1672 negotiis;

1030 1681 1090 1709 otio
1106 1681 1230 1717 gaudet,
1242 1682 1340 1718 quiete
1355 1682 1486 1716 fovetur,
1500 1683 1539 1711 ad
1553 1683 1700 1711 internam
1715 1683 1806 1712 dilee-

1029 1728 1141 1756 tionem
1156 1728 1250 1756 libera
1265 1732 1399 1764 tempora
1413 1729 1523 1757 habere
1545 1730 1656 1757 volens.
1673 1740 1686 1755 »
1705 1731 1806 1766 Sequi-

1029 1777 1074 1802 tur
1094 1784 1100 1802 :
1127 1785 1140 1800 α
1161 1776 1182 1802 O
1209 1782 1300 1810 quam
1329 1775 1436 1802 durnin
1466 1778 1508 1803 est
1533 1777 1644 1804 amanti
1671 1776 1805 1804 animum

1029 1820 1185 1848 dimidiare
1214 1829 1282 1848 cum
1310 1821 1422 1849 Christo
1450 1824 1477 1850 et
1505 1822 1630 1850 mundo.
1657 1825 1689 1851 Et
1712 1831 1803 1859 quam

1028 1868 1137 1895 durum
1153 1870 1195 1895 est
1209 1868 1239 1895 in
1255 1868 1421 1896 dilectionis
1436 1869 1484 1896 via
1504 1869 1675 1905 peregrinas
1698 1870 1805 1898 admit-

1028 1916 1086 1942 tere
1101 1922 1202 1949 curaS,
1221 1916 1249 1942 et
1263 1915 1378 1943 coeleste
1394 1917 1540 1943 secretum
1555 1915 1745 1944 saecularibus
1760 1917 1804 1944 in-

1027 1960 1124 1988 festari
1140 1961 1250 1989 turbis!
1270 1972 1282 1987 »
1299 1962 1434 1997 Sequitur
1451 1971 1457 1989 :
1478 1973 1492 1988 e
1506 1964 1595 1990 Amor
1616 1963 1690 1990 nihil
1708 1963 1804 1999 magis

1026 2007 1089 2035 vult
1104 2016 1194 2043 quam
1210 2016 1319 2036 amare.
1338 2019 1351 2034 n
1368 2010 1431 2036 llaec
1446 2008 1507 2037 ille.
1525 2011 1555 2038 Et
1570 2009 1611 2037 sic
1625 2012 1704 2046 patet
1718 2018 1804 2046 quar-

1027 2055 1088 2081 tum
1101 2054 1218 2089 signum
1233 2054 1383 2082 charitatis
1397 2055 1542 2091 perseetae.

1061 2102 1201 2135 Quintum
1216 2102 1334 2137 signum
1355 2103 1545 2131 intrinsecum
1560 2103 1695 2139 perfectae
1709 2103 1803 2132 chari-

1027 2148 1106 2182 tatis,
1122 2151 1189 2176 sunt
1204 2150 1373 2178 affectiones
1392 2150 1543 2178 ecstatieae.
1560 2150 1682 2178 Ecstasis
1705 2153 1803 2179 autem

1026 2198 1068 2223 est
1092 2204 1228 2223 excessus
1256 2197 1381 2231 mentis,
1404 2198 1444 2225 ait
1468 2198 1582 2233 Papias.
1610 2198 1692 2226 Ratio
1715 2198 1803 2233 hujus

1026 2242 1102 2277 signi
1118 2245 1170 2276 est,
1187 2243 1267 2278 quia,
1284 2243 1358 2271 sicut
1372 2244 1442 2271 dicit
1457 2244 1614 2280 Dionysius
1629 2245 1647 2261 ¹¹
1664 2255 1670 2272 :
1686 2255 1699 2271 «
1713 2247 1803 2273 Amor

1025 2289 1055 2316 in
1071 2291 1161 2317 Deum
1174 2289 1308 2324 tendens,
1320 2293 1362 2318 est
1372 2290 1481 2318 faciens
1496 2291 1631 2319 ecstasim
1646 2292 1773 2327 spiritus.
1785 2302 1799 2316 υ

1025 2338 1057 2363 Et
1086 2337 1183 2364 reddit
1211 2337 1357 2364 rationein
1382 2338 1496 2366 ibidem
1511 2360 1520 2373 ‚
1543 2338 1668 2366 dicens:
1692 2349 1705 2364 (ι
1728 2338 1802 2372 Quia

1025 2391 1109 2411 amor
1128 2392 1188 2412 non
1210 2384 1349 2420 permittit
1365 2387 1512 2413 amatores
1527 2393 1588 2413 esse
1604 2385 1648 2413 sui
1666 2385 1801 2421 ipsorum

1024 2439 1077 2466 per
1091 2431 1197 2459 mentis
1211 2431 1414 2467 sobrietatem,
1430 2432 1483 2460 sed
1499 2440 1602 2461 eorum
1625 2431 1675 2468 qui
1697 2439 1800 2460 aman-

1025 2529 1092 2553 Hier.
1113 2541 1139 2546 -
1155 2529 1165 2545 Ἴ
1180 2529 1308 2559 menard„
1326 2529 1355 2553 (lc
1373 2530 1523 2561 Contempl„
1536 2530 1579 2553 lib.
1598 2530 1639 2560 tv,
1658 2537 1679 2553 e.
1698 2535 1758 2560 xxv,
1774 2530 1800 2554 in

1023 2564 1106 2595 princ.
1129 2578 1155 2582 -
1178 2567 1186 2578 ⁸
1201 2564 1256 2595 λοῦ,
1282 2572 1308 2596 Χ,
1334 2568 1355 2590 t.
1379 2578 1411 2583 —
1435 2567 1444 2581 ⁹
1466 2567 1552 2597 Greg.‚
1573 2565 1674 2595 ,vm-al„
1695 2565 1739 2590 lib.
1758 2566 1798 2597 lX,

1023 2606 1046 2624 c.
1073 2606 1155 2631 xxm,
1180 2601 1205 2624 in
1232 2601 1316 2632 princ.
1340 2615 1370 2620 —
1400 2603 1419 2618 ¹⁰
1442 2602 1507 2626 Gilb.
1532 2602 1641 2631 Pori-et„
1662 2602 1687 2625 in
1716 2602 1799 2633 Cant„

1024 2642 1100 2661 serm.
1123 2643 1160 2666 xi,
1184 2637 1250 2661 inter
1274 2638 1347 2662 Rern.
1373 2640 1466 2668 Opera.
1484 2651 1516 2656 —-
1542 2640 1558 2655 ¹¹
1576 2638 1662 2668 Dion„
1687 2637 1717 2662 de
1741 2638 1798 2662 Div.

1024 2671 1136 2700 Nomia,
1150 2680 1172 2696 c.
1189 2678 1224 2696 lv.
